3300 5084
292 373 332 464 70
757 383 758 386 ’
784 399 855 448 rv'nr
871 405 969 450 rnonr

292 557 372 620 alter
387 575 511 638 quoque
526 552 710 617 Balearicus
724 555 903 617 uocaretur.
927 555 1078 617 Baleares
1092 573 1149 634 per
1162 553 1197 617 id
1210 548 1338 636 ternpus
1353 554 1442 618 insu-

291 662 342 726 lae
356 659 492 742 piratica
505 659 593 722 rabie
607 659 708 724 maria
723 670 939 742 corruperant.
966 658 1113 722 homines
1127 659 1209 722 feros
1225 669 1321 743 atque
1333 660 1444 724 silues-

291 776 355 829 tres
370 765 491 828 miren's
508 787 600 828 ausos
616 787 635 827 a
650 765 788 847 scopulis
803 765 869 828 suis
884 764 999 828 saltem
1009 764 1111 828 maria
1121 765 1308 847 prospicere.
1319 763 1442 828 ‘ascen-

190 889 191 896 ‘
291 872 364 934 dere
380 871 477 934 etiam
491 870 672 935 inconditas
687 881 770 936 rates
792 881 824 934 et
845 871 1162 953 praetemauigantes
1183 870 1319 933 subinde
1339 871 1443 954 inopi-

290 985 368 1038 nato
393 975 516 1058 impetu
536 986 696 1046 terruere„
721 987 769 1040 set
795 998 870 1038 cum
894 976 1081 1043 uenientem
1106 977 1146 1038 ab
1169 976 1234 1038 alto
1260 978 1443 1040 Romanam
1466 989 1481 1038 5

291 1081 425 1144 classem
439 1081 691 1162 prospexissent,
708 1083 860 1162 praedam
874 1092 1045 1164 putantes,
1070 1081 1139 1143 ausi
1154 1081 1253 1142 etiam
1267 1103 1440 1157 occurrere,

291 1195 323 1247 et
349 1185 451 1267 primo
477 1185 601 1267 impetu
626 1185 751 1268 ingenti
777 1186 923 1268 lapidum
944 1207 1155 1269 saxorumque
1175 1185 1286 1249 nimbo
1308 1186 1442 1250 classem

290 1300 493 1380 operuerunt.
524 1290 626 1354 tribus
641 1290 774 1376 quisque
789 1293 898 1356 fundis
919 1292 1126 1374 proeliantur.
1159 1303 1261 1356 certos
1282 1314 1349 1355 esse
1370 1292 1441 1374 quis

177 1411 179 1414 ·
289 1395 423 1457 miretur
436 1394 531 1473 ictus,
548 1417 622 1458 cum
636 1395 715 1458 haec
730 1395 798 1460 sola
812 1397 904 1480 genti
919 1419 1007 1460 arma
1022 1397 1098 1472 sint,
1115 1396 1149 1459 id
1164 1420 1267 1459 unum
1282 1399 1321 1459 ab
1336 1398 1441 1460 infan-

289 1499 336 1562 tia
351 1499 511 1564 studium?
532 1500 640 1576 cibum
654 1523 767 1584 puera
789 1513 891 1566 matre
911 1525 978 1565 non
1000 1501 1135 1584 accipit,
1162 1502 1226 1564 nisi
1242 1508 1347 1586 'quem
1372 1503 1442 1586 ipsa
1463 1516 1495 1564 10

288 1615 485 1672 monstrante
496 1607 695 1690 percusserit.
711 1610 844 1671 sednon
857 1607 1114 1692 diulapidationc
1120 1609 1283 1672 Romanos
1290 1620 1439 1674 terruere.

288 1730 364 1774 nam
379 1720 549 1797 postquam
564 1711 742 1778 cornminus
756 1724 893 1778 uentum
907 1725 974 1790 est,
997 1713 1183 1798 expertique
1199 1725 1308 1777 rostra
1329 1726 1361 1778 et
1375 1715 1442 1798 pila

288 1815 470 1894 uenientia,
494 1820 653 1903 pecudum
674 1817 709 1878 in
730 1824 851 1882 morem
872 1819 1008 1882 clamore
1023 1819 1149 1883 sublato
1164 1819 1348 1902 petiuerunt
1362 1821 1440 1903 fuga

284 1922 400 1998 litora,
428 1923 605 2006 dilapsique
631 1922 666 1987 in
691 1923 852 2004 proximos
879 1925 1020 1988 tumulos
1047 1925 1221 2009 quaerendi
1248 1925 1378 1991 fuemnt
1403 1937 1440 1989 ut

288 2027 504 2092 uincerentur.
1005 2090 1009 2096 ,
1068 2052 1076 2060 “
1101 2034 1105 2039 “
1462 2043 1494 2091 15

517 2249 651 2313 XLIII.
678 2249 932 2312 EXPEDITIO
948 2249 999 2324 IN
1016 2251 1214 2320 CYPRON.

180 2485 235 2542 111,
253 2465 272 2526 9
287 2467 408 2536 Aderat
433 2468 537 2531 fatum
562 2467 750 2534 insularum.
785 2467 886 2551 igitur
903 2479 937 2532 et
958 2469 1079 2552 Cypros
1101 2480 1228 2552 recepta
1247 2469 1317 2534 sine
1341 2470 1437 2532 bello.

287 2571 428 2642 insulam
441 2573 603 2636 ueteribus
619 2573 741 2642 diuitfis
758 2575 976 2639 abundantem
991 2585 1024 2637 et
1044 2577 1085 2638 ob
1107 2575 1170 2640 h'oc
1185 2564 1441 2641 Venerisacram
1493 2594 1495 2599 ·

288 2679 492 2744 Ptolemaeus
507 2680 648 2760 regebat,
678 2682 735 2752 sed
748 2678 936 2745 diuitiarum
952 2690 1043 2746 tanta
1057 2691 1125 2752 erat
1139 2681 1242 2758 fama,
1266 2703 1326 2747 nec
1346 2681 1439 2756 falso,

286 2793 323 2848 ut
339 2783 441 2850 uictor
455 2784 602 2865 gentium
615 2785 753 2866 populus
769 2795 802 2846 et
816 2787 934 2850 donare
954 2807 1054 2868 regua
1075 2798 1245 2852 consuetus
1268 2790 1307 2851 P.
1326 2785 1439 2850 Clodio
1461 2796 1494 2845 20

286 2887 416 2954 tribuno
430 2887 533 2969 plebis
548 2890 629 2950 duce
644 2888 721 2952 socii
735 2888 869 2976 uiuique
883 2890 966 2972 regis
986 2891 1248 2957 confiscationem
1266 2892 1440 2955 mandaue-

287 2991 339 3055 rit.
362 3001 394 3054 et
408 2991 463 3054 ille
479 2991 608 3074 quidem
623 2994 664 3054 ad
678 2991 724 3054 rei
739 2993 859 3056 famam
872 3015 999 3059 ueneno
1013 2995 1081 3059 fata
1099 2995 1272 3077 praecepit.
1298 3007 1440 3058 ceterum
1470 3036 1472 3039 -

287 3094 420 3158 Porcius
447 3097 529 3178 Cato
554 3096 687 3178 Cyprias
720 3119 795 3179 opes
821 3097 957 3161 liburnis
987 3120 1044 3179 per
1077 3099 1264 3164 Tiberinum
1297 3100 1439 3164 hostium

286 3200 423 3265 inuexit.
459 3222 539 3283 quae
565 3223 614 3265 res
640 3200 738 3264 latius
765 3201 921 3264 aerarium
946 3203 1058 3286 populi
1079 3204 1221 3267 Romani
1242 3227 1339 3287 quam
1352 3206 1439 3268 ullus

285 3305 467 3389 triumphus
482 3304 641 3387 impleuit.
1461 3322 1493 3372 25

549 3548 701 3614 xuun.
726 3549 912 3612 centvm
928 3550 1176 3616 emmaus.
1282 3526 1285 3532 ’

170 3758 223 3810 111,
237 3733 365 3808 rossia
381 3731 516 3814 Pompei
530 3732 680 3796 manibus
702 3735 835 3797 subacta
856 3734 995 3817 reliqua,
1023 3758 1105 3818 quae
1130 3739 1294 3800 restabant
1317 3738 1351 3799 in
1374 3738 1438 3799 Eu·

285 3851 376 3920 ropa,'
391 3840 534 3913 Fortuna
548 3837 583 3900 in
599 3840 768 3904 Caesarem
783 3841 959 3903 transtulit.
984 3843 1148 3904 restabant
1163 3853 1271 3905 autem
1284 3843 1437 3907 inmanis-
1497 3873 1508 3885 ·

287 4110 298 4159 1
313 4107 385 4160 idem
397 4119 422 4160 N
432 4108 440 4177 11
453 4111 469 4160 4
482 4110 707 4178 praenauigantes
719 4121 744 4161 N
754 4109 763 4178 11
776 4087 915 4176 inossinato
927 4123 955 4176 N,
969 4111 1062 4181 inopia
1072 4117 1137 4163 nato
1147 4122 1173 4163 N
1182 4111 1192 4181 11
1206 4114 1220 4163 8
1233 4111 1380 4180 proeliatur
1390 4125 1416 4165 N
1426 4113 1435 4182 11

286 4195 318 4246 111
331 4193 464 4262 accepite
477 4193 486 4262 11
502 4195 530 4246 11
545 4193 678 4263 percussit
691 4193 731 4246 bN
740 4195 749 4265 11
762 4201 883 4249 terruere
894 4213 1019 4250 romanos
1031 4209 1057 4248 N
1066 4196 1075 4265 11
1091 4199 1121 4248 12
1138 4212 1201 4248 nam
1217 4215 1260 4248 om
1276 4209 1302 4249 N
1312 4197 1322 4268 11
1334 4197 1439 4266 experti

284 4277 435 4353 ambrerias
448 4277 457 4346 11
472 4280 502 4330 13
516 4278 631 4334 clamore
645 4278 683 4332 to
694 4291 720 4330 N
730 4279 738 4348 11
754 4282 784 4331 11
794 4279 945 4350 dilapsique
958 4280 997 4333 tis
1006 4293 1033 4333 N
1042 4280 1052 4350 11
1066 4284 1097 4333 16
1109 4293 1201 4334 xum
1213 4294 1233 4334 Β
1245 4281 1254 4351 11
1267 4295 1382 4334 crrnvrr
1395 4295 1414 4335 N
1427 4281 1436 4350 11

287 4365 318 4414 18
331 4361 425 4414 uenire
436 4373 455 4412 N
469 4362 477 4431 11
492 4366 523 4415 19
536 4364 688 4433 ptolomeus
703 4377 724 4417 N
736 4364 745 4433 11
766 4370 794 4417 et
806 4364 962 4418 diuitiarum
973 4365 1018 4435 Ν1
1032 4368 1061 4417 21
1077 4365 1163 4435 plebis
1175 4385 1217 4419 om
1229 4379 1254 4420 N
1264 4367 1273 4438 11
1293 4370 1324 4419 13
1337 4368 1442 4437 portius

286 4457 309 4497 Ν
319 4445 328 4514 11
342 4449 375 4498 26
387 4458 475 4500 xnva
488 4446 496 4516 11
