3300 5084
296 297 338 357 96
695 347 699 352 -
777 322 961 366 mmmmm

298 465 413 548 peiana
428 466 568 550 dignitas
583 471 703 552 grauis.
728 493 788 535 neo
803 472 859 536 ille
873 473 996 536 ferebat
1010 493 1139 554 parem,
1161 495 1221 537 nec
1241 473 1295 538 hic
1309 475 1451 558 superio-

249 579 251 585 '
298 577 376 637 r‘em.
409 575 595 657 pronefas!
620 577 665 640 sic
687 579 726 641 de
748 577 931 662 principatu
955 577 1161 656 laborabant,
1188 591 1353 665 tamquam
1374 582 1454 644 duos

299 683 382 752 tanti
393 681 520 765 imperii
531 681 661 747 fortuna
672 703 738 746 non
751 696 889 768 caperet.
909 705 984 768 ergo
1000 687 1141 749 Lentulo
1148 687 1367 770 Marcelloque
1378 709 1452 750 con-

300 790 425 853 sulibus
440 798 536 870 rupta
549 789 653 871 primo
669 791 899 864 coniurationis
921 793 1013 853 fides.
1038 793 1078 853 de
1093 791 1293 854 successione
1308 794 1453 857 Caesaris

209 945 212 950 Δ
299 905 441 969 senatus,
458 894 492 956 id
508 905 557 957 est
564 896 737 979 Pompeius
753 897 908 980 agitabat,
925 919 986 960 neo
1000 897 1056 960 ille
1071 898 1245 974 abnuebat,
1263 898 1290 960 si
1304 899 1387 961 ratio
1402 899 1453 961 sui
1473 913 1488 961 5

298 1000 452 1086 proximis
464 1000 603 1064 comitiis
614 1002 795 1065 haberetur.
814 1013 852 1064 ut
864 1005 993 1066 daretur
1003 1004 1191 1067 consulatus
1203 1003 1341 1080 absenti,
1358 1027 1453 1086 quem

299 1109 410 1170 decem
426 1105 548 1169 tribuni
562 1106 693 1169 fauente
705 1108 861 1191 Pompeio
872 1130 976 1191 nuper
991 1109 1210 1184 decreuerant,
1227 1109 1453 1173 dissimulante

300 1215 412 1276 eodem
426 1214 621 1294 negabatur:
647 1212 774 1276 ueniret
789 1224 820 1276 et
835 1223 958 1297 peteret
978 1235 1066 1276 more
1078 1213 1247 1281 maiorum·
1272 1215 1327 1278 ille
1343 1225 1454 1278 contra

299 1318 443 1402 flagitare
458 1319 603 1393 decreta,
621 1340 669 1394 ac,
686 1317 750 1381 nisi
763 1320 845 1382 fides
860 1330 1078 1402 permaneret,
1095 1342 1162 1383 non
1180 1320 1344 1384 remittere
1364 1343 1452 1384 exer·

299 1424 412 1487 citum.
437 1446 511 1507 ergo
526 1433 564 1485 ut
573 1423 613 1484 in
628 1424 754 1486 hostem
769 1412 961 1488 decernitur.
985 1425 1036 1488 his
1052 1427 1169 1489 Cacsar
1183 1426 1324 1509 agitatus
1339 1426 1454 1490 statuit
1475 1439 1507 1489 10

300 1529 441 1612 praemia
455 1551 614 1592 armorum
629 1529 725 1592 armis
741 1531 921 1594 defendere.
1004 1546 1006 1549 ·
1291 1613 1294 1624 ¹

387 1635 497 1699 Prima
511 1634 617 1697 ciuilis
631 1635 710 1697 belli
731 1636 853 1700 harena
874 1637 971 1700 Italia
991 1638 1072 1713 fuit,
1104 1637 1196 1700 cuius
1218 1659 1305 1700 arces
1326 1637 1454 1701 leuibus

300 1725 466 1825 praesidiis
492 1739 668 1822 Pompeius
688 1740 873 1819 insederat3·
892 1745 948 1806 sed
970 1742 1080 1806 omnia
1099 1743 1205 1806 subito
1230 1743 1375 1807 Caesaris
1394 1743 1453 1805 im-

300 1860 379 1932 petu
393 1851 542 1931 oppressa
556 1856 644 1910 sunt.
668 1845 772 1928 prima
786 1848 935 1912 Arimino
950 1849 1049 1932 signa
1069 1849 1265 1912 cecinerunt.
1289 1859 1361 1912 tum
1382 1849 1453 1932 pul·

300 1977 354 2017 sus
370 1953 499 2017 Etruria
510 1952 603 2028 Libo,
618 1951 752 2015 Vmbria
764 1954 934 2029 Thermus,
949 1954 1113 2018 Domitius
1125 1956 1279 2019 Corfinio.
1298 1967 1331 2018 et
1345 1977 1452 2038 perae*
1475 1967 1507 2016 15

225 2086 228 2096 ·
301 2071 370 2122 tum
382 2070 450 2122 erat
460 2058 583 2121 bellum
595 2057 663 2120 sine
676 2059 846 2141 sanguine,
861 2060 887 2122 si
901 2060 1092 2142 Pompeium
1098 2061 1265 2124 Brundisii
1277 2061 1454 2145 opprimere

299 2164 467 2247 potuisset.
503 2174 535 2226 et
555 2176 699 2246 ceperat;
726 2167 782 2227 sed
801 2165 858 2226 ille
879 2186 936 2246 per
958 2164 1077 2227 obsessi
1099 2166 1238 2228 claustra
1251 2178 1364 2248 portus
1378 2188 1453 2229 noe-

299 2281 396 2334 turna
415 2270 493 2354 fuga
514 2270 628 2334 euasit.
661 2281 754 2353 turpe
776 2269 878 2331 dictu.
905 2272 1000 2332 modo
1022 2269 1171 2351 princeps
1192 2280 1344 2350 patrum,
1363 2271 1453 2352 pacis

215 2447 220 2456 ¹
296 2377 437 2460 bellique
452 2379 631 2440 moderator
645 2398 703 2458 per
716 2375 985 2458 triumphatuma
1007 2397 1040 2437 se
1063 2396 1150 2436 mare
1169 2374 1274 2436 lacera
1295 2384 1328 2436 et
1349 2395 1452 2456 paene
1492 2355 1501 2370 ⁰

298 2483 413 2547 inermi
427 2483 505 2547 naui
527 2483 683 2567 fugiebat.
718 2504 778 2545 neo
802 2481 937 2566 Pompei
960 2481 1000 2543 ab
1023 2480 1121 2543 Italia
1141 2502 1239 2563 quam
1259 2491 1389 2543 senatus
1411 2482 1452 2544 ab
1472 2493 1506 2545 2ο

298 2589 376 2652 urbe
395 2590 474 2672 fuga
493 2589 627 2672 turpior.
652 2612 749 2672 quam
763 2610 866 2673 paene
888 2608 1026 2650 uacuam
1047 2598 1137 2649 metu
1159 2587 1277 2649 Caesar
1290 2585 1454 2668 ingressus
1519 2577 1524 2582 ⁸

298 2696 463 2760 consulem
478 2695 595 2778 seipse
616 2696 703 2759 fecit.
733 2695 898 2758 aerarium
923 2713 1051 2776 quoque
1073 2702 1239 2768 sanctum,
1268 2693 1354 2773 quod
1378 2693 1454 2775 quia

297 2800 419 2863 tardius
434 2799 619 2882 aperiebant
634 2801 756 2864 tribuni
767 2801 862 2864 iussit
874 2799 1012 2881 effringi,
1029 2820 1163 2861 censum
1177 2808 1210 2860 et
1223 2797 1454 2880 patrimonium

296 2904 408 2988 populi
424 2905 565 2967 Romani
580 2915 654 2967 ante
669 2905 777 2987 rapuit
791 2926 889 2986 quam
903 2903 1084 2986 imperium.

383 3010 483 3073 Pulso
498 3009 672 3091 firgatoque
687 3009 844 3090 Pompeio
866 3008 982 3070 maluit
1003 3007 1091 3089 prius
1107 3007 1255 3070 ordinare
1269 3009 1452 3092 prouincias
1473 3021 1506 3071 25

297 3137 393 3198 quam
407 3115 515 3198 ipsum
531 3113 631 3198 sequi.
658 3112 802 3178 Siciliam
815 3122 847 3174 et
860 3111 1054 3188 Sardiniam,
1072 3135 1220 3176 annonae
1234 3114 1380 3198 pignera,
1397 3137 1454 3198 per

296 3223 419 3304 legatos
433 3220 541 3282 habet.
565 3219 650 3282 nihil
671 3217 788 3282 hostile
810 3226 878 3308 erat
898 3215 934 3278 in
957 3217 1083 3294 Gallia3
1111 3241 1223 3301 pacem
1238 3220 1307 3303 ipse
1321 3222 1450 3289 fecerat.

297 3329 352 3392 sed
367 3329 407 3391 ad
422 3325 657 3410 Hispanienses
674 3323 808 3408 Pompei
822 3323 982 3386 exercitus
1006 3324 1189 3388 transeunti
1208 3347 1266 3408 per
1286 3349 1358 3389 eam
1377 3327 1453 3389 duci

296 3447 403 3518 portas
419 3420 565 3496 claudere
581 3455 659 3495 ausa
674 3429 821 3495 Massilia
835 3440 894 3492 est.
909 3427 1026 3493 misera
1036 3430 1115 3491 dum
1129 3430 1220 3514 cupit
1234 3453 1358 3515 pacem,
1374 3431 1453 3494 belli

285 3553 386 3614 metu
401 3540 436 3602 in
451 3538 573 3605 bellum
587 3537 719 3613 incidit3
743 3538 798 3600 sed
814 3535 891 3617 quia
903 3545 977 3598 tuta
991 3534 1091 3598 muris
1107 3547 1186 3611 erat,
1203 3533 1293 3600 uinci
1308 3560 1379 3600 eam
1391 3536 1453 3600 sibi
1473 3549 1506 3598 30

300 3889 307 3936 1
324 3901 359 3936 ne
371 3881 415 3936 hic
427 3910 461 3921 —
474 3897 524 3934 nec
535 3879 581 3933 ille
593 3890 619 3931 N
629 3878 637 3948 11
651 3881 665 3930 2
679 3895 728 3947 pro
741 3896 783 3930 om
800 3890 825 3930 N
836 3878 845 3948 11
859 3878 967 3948 -tprimo
980 3877 1092 3947 scripsi:
1106 3878 1242 3949 primaNN
1252 3879 1261 3946 11
1274 3875 1358 3929 fideN
1368 3876 1377 3945 11
1390 3881 1405 3929 6
1418 3882 1451 3930 ut

296 3971 405 4022 daretur
417 3985 458 4022 om
470 3977 496 4018 N
506 3964 514 4034 11
529 3969 542 4017 7
556 3963 693 4034 tribule
707 3964 803 4016 oumde
815 3963 1011 4033 simulanteNll
1025 3966 1041 4014 8
1053 3963 1196 4016 uenissetn
1209 3962 1217 4029 1
1230 3961 1361 4014 maiorum
1374 3978 1450 4015 more

294 4070 319 4110 N
330 4057 338 4126 11
351 4059 367 4107 9
380 4053 434 4107 nisi
445 4051 474 4104 in
485 4050 538 4103 fide
550 4055 738 4120 permanerent
749 4066 804 4102 non
817 4067 846 4102 se
857 4050 995 4103 remittere
1005 4059 1031 4100 N
1041 4048 1050 4116 11
1066 4050 1095 4098 12
1108 4063 1189 4098 arena
1199 4057 1219 4097 Β
1231 4045 1240 4113 11
1255 4049 1291 4097 15
1299 4046 1395 4099 oriinio
1407 4059 1427 4108 a
1440 4048 1450 4117 1

294 4127 483 4214 ρετὴαοτιιω
496 4134 505 4203 ΙΙ
520 4137 550 4187 18
564 4134 668 4187 dictum
678 4145 704 4186 N
715 4134 723 4203 11
737 4137 770 4187 20
788 4135 930 4204 pompeius
939 4145 965 4186 N
975 4134 984 4204 11
997 4136 1026 4184 21
1041 4131 1108 4200 iuga
1118 4128 1224 4199 turpior
1243 4132 1393 4184 Graiam:
1406 4132 1448 4185 fu-

295 4235 375 4296 gatur
387 4220 446 4296 pior
457 4235 491 4285 B,
506 4221 617 4290 fugatur
629 4219 702 4290 prior
719 4230 745 4270 N
755 4218 764 4289 11
785 4222 817 4270 22
836 4219 902 4272 lacit
919 4217 1010 4286 Ν1123
1029 4231 1139 4267 censum
1156 4215 1368 4270 Mommseniaa:
1387 4235 1449 4270 oen·

295 4327 409 4380 sumque
421 4307 483 4376 ΒΝ1
497 4311 528 4358 25
542 4305 692 4376 prouintias
703 4317 729 4356 N
738 4305 747 4374 11
762 4307 794 4357 26
811 4304 926 4374 pignora
943 4313 968 4352 N
978 4300 987 4370 11
1000 4303 1033 4352 28
1050 4300 1099 4353 sed
1110 4318 1153 4352 om
1163 4311 1190 4352 N
1200 4300 1209 4371 11
1222 4303 1255 4354 29
1268 4301 1390 4355 clausere
1401 4313 1424 4354 N
1436 4301 1445 4372 1

295 4400 327 4449 30
340 4395 408 4448 tutis
419 4405 444 4446 N
455 4392 463 4462 11
493 4433 498 4439 .
