3300 5084
368 375 370 382 ,
432 349 436 354 2
503 330 710 386 nersouarr,
729 322 772 370 12.
793 310 1031 394 13[1111,1.‚2].
1310 311 1353 371 95

192 480 289 555 suni,
313 489 362 542 set
381 501 439 561 pro
460 480 551 544 clade
572 503 679 547 rerum
698 481 828 555 breues3
854 479 881 544 si
902 480 1010 542 locum
1031 490 1063 542 et
1085 477 1244 561 spatium,
1267 500 1351 542 com-

181 586 316 650 missum
342 595 391 648 est
412 585 498 648 intra
524 571 674 662 Italiam,
701 586 778 648 ind'e
804 607 839 648 se
864 585 899 649 in
925 585 1069 648 Galliam
1094 583 1352 666 Hispaniamque

194 690 326 754 deflexit
349 711 575 774 reuersumque
598 693 638 755 ab
661 713 777 760 occasu
800 691 875 756 totis
897 690 1022 771 uiribus¹
1042 690 1078 752 in
1100 689 1198 772 Epiro
1216 690 1351 752 Thessa·

194 798 300 880 lisque
316 797 473 873 consedit,
491 796 568 860 hinc
583 797 619 860 in
633 799 819 880 Aegyptum
834 796 942 860 subito
958 796 1139 873 transiluit,
1156 795 1232 858 inde
1247 817 1350 878 respe

160 917 175 966 t
190 901 375 991 'xitAsiam',
389 902 515 966 Africae
530 902 692 978 incubuit,
708 913 870 986 postremo
884 902 921 965 in
932 902 1128 986 Hispaniam
1141 900 1304 985 regyrauit
1318 913 1351 963 et

192 1009 237 1072 ibi
253 1009 425 1090 aliquando
441 1006 567 1098 defecit.
592 1009 729 1071 sednon
745 1018 777 1071 et
792 1008 867 1071 odia
884 996 1026 1091 partium
1047 1006 1142 1071 finita
1163 1029 1238 1070 cum
1251 1007 1347 1070 bello.

192 1137 258 1178 non
280 1115 367 1178 enim
389 1114 478 1198 prius
501 1113 713 1195 quieuerunt‚
741 1135 840 1196 quam
858 1112 894 1174 in
914 1113 986 1197 ipsa
1006 1115 1086 1176 urbe
1107 1113 1215 1177 medio
1236 1123 1350 1176 senatu

193 1243 316 1297 eorum,
334 1222 389 1304 qui
404 1220 484 1284 uioti
499 1230 602 1295 erant,
619 1219 694 1282 odia
706 1219 840 1300 uictoris
856 1241 890 1282 se
905 1222 1002 1282 caede
1017 1219 1181 1283 satiarent.

279 1327 385 1390 Causa
399 1337 508 1388 tantae
523 1325 715 1388 calamitatis
731 1327 844 1388 eadem
859 1347 940 1408 quae
955 1325 1118 1399 omnium,
1135 1324 1236 1388 nimia
1250 1324 1350 1388 felici·

141 1448 174 1495 10
195 1445 255 1496 tas.
284 1433 311 1495 si
333 1432 462 1515 quidem
484 1431 608 1500 Quinto
628 1431 764 1494 Metello
786 1432 889 1495 Lucio
911 1432 1045 1494 Afranio
1067 1430 1253 1499 consulibus
1275 1417 1373 1493 cum‘

194 1541 342 1602 Romana
355 1537 505 1600 maiestas
520 1546 588 1599 toto
603 1537 678 1598 orbe
693 1537 829 1619 polleret
842 1547 1049 1620 recentesque
1068 1536 1239 1612 uictorias,
1264 1539 1349 1600 Pon-

194 1645 273 1708 ticos
289 1629 321 1707 et
336 1643 505 1706 Armenios
521 1641 701 1724 triumphos
716 1642 751 1704 in
768 1641 974 1724 Pompeianis
998 1642 1132 1707 theatris
1153 1645 1260 1706 Rama
1274 1665 1348 1705 can·

194 1756 287 1827 taret,
304 1749 405 1812 nimia
421 1747 556 1829 Pompei
570 1746 715 1828 potentia
731 1757 809 1829 aput
824 1746 959 1822 otiosos,
976 1756 1014 1810 ut
1028 1748 1127 1823 solet,
1144 1747 1232 1811 ciues
1246 1749 1352 1811 mouit

195 1856 364 1920 inuidiam.
390 1852 543 1916 Metellus
560 1852 600 1914 ob
616 1851 815 1914 inminutum
831 1853 946 1915 Cretae
961 1853 1181 1936 triumphum,
1198 1855 1280 1921 Cato
1295 1855 1349 1917 ad-

141 1976 171 2024 15
194 1984 307 2025 uersus
328 1969 474 2044 potentes
497 1979 621 2041 semper
647 1956 797 2039 obliquus
826 1959 1001 2020 detrectare
1026 1959 1180 2042 Pompeio
1207 1959 1350 2044 actisque
1447 2004 1450 2012 ·

196 2068 265 2130 eius
282 2069 473 2148 obstrepere.
498 2063 552 2126 hic
567 2063 657 2126 dolor
672 2073 893 2127 transuersum
914 2063 1029 2147 agitet
1051 2066 1092 2128 ad
1107 2063 1265 2149 praesidia
1279 2067 1348 2150 dig-

195 2172 292 2235 nitati
299 2173 441 2262 paranda
447 2169 577 2253 inpulit.
596 2170 677 2232 forte
694 2179 772 2232 tunc
784 2170 919 2233 Crassus
930 2192 1047 2254 genere
1059 2170 1183 2234 diuitiis
1190 2171 1349 2254 dignitate

185 2263 340 2355 florebat,
358 2289 394 2341 ut
409 2277 509 2340 uellet
525 2287 633 2339 tamen
649 2275 799 2339 auctioris
815 2293 909 2359 opes;
929 2278 967 2339 0.
986 2278 1104 2340 Caesar
1118 2277 1303 2359 eloquentia
1316 2290 1349 2340 et

144 2363 151 2376 ⁸
193 2385 329 2469 spiritu,
358 2406 430 2447 ecce
456 2383 521 2445 iam
543 2393 575 2444 et
594 2383 765 2445 consulatu
787 2383 1015 2456 adleuabatu13
1044 2382 1215 2464 Pompeius
1240 2394 1349 2446 tamen
1426 2451 1431 2460 ,

140 2505 173 2554 20
193 2492 279 2572 inter
293 2479 465 2571 utrumque
481 2488 653 2551 eminebat.
685 2487 730 2550 sic
752 2486 853 2570 igitur
868 2488 1003 2550 Caesare
1025 2486 1218 2570 dignitatem
1232 2510 1348 2572 conpa-

193 2617 282 2670 rare,
305 2595 420 2658 Crasso
436 2614 571 2675 augere,
596 2591 749 2674 Pompeio
764 2589 902 2654 retinere
917 2591 1122 2674 cupientibus
1136 2593 1349 2677 omnibusque

193 2701 313 2788 pariter
326 2698 491 2783 potentiae
505 2697 631 2780 cupidis
646 2701 687 2761 de
697 2698 883 2760 inuadenda
892 2719 926 2760 re
937 2698 1067 2780 publica
1077 2698 1171 2760 facile
1183 2699 1346 2763 conuenit.

193 2826 270 2889 ergo
292 2827 366 2868 cum
390 2803 514 2868 mutuis
540 2803 664 2868 uiribus
690 2805 725 2866 in
752 2826 847 2867 suum
872 2803 1008 2886 quisque
1033 2806 1130 2867 decus
1155 2803 1346 2879 niterentur,

194 2912 338 2978 Galliam
353 2911 471 2974 Caesar
484 2909 629 2986 inuadit,
647 2911 782 2976 Crassus
796 2912 927 2986 Asiam,
945 2911 1118 2997 Pompeius
1133 2909 1345 2992 Hispaniam:
1372 2973 1374 2977 ,

138 3031 172 3082 25
194 3031 258 3083 tres
273 3016 408 3080 maximi
424 3015 599 3093 exercitus,
624 3028 656 3082 et
678 3017 713 3080 in
734 3017 784 3081 his
800 3017 884 3080 orbis
899 3017 1070 3100 imperium
1085 3016 1236 3082 societate
1252 3007 1350 3078 trium

191 3123 377 3208 principum
392 3133 577 3206 occupatur.
596 3125 706 3186 decem
721 3143 823 3188 annos
836 3121 934 3186 traxit
948 3123 1011 3186 ista
1025 3123 1203 3187 dominatio
1217 3145 1258 3186 ex
1271 3124 1347 3196 fide,

193 3231 271 3313 quia
295 3239 410 3292 mutuo
435 3239 525 3291 metu
551 3232 756 3293 tenebantur.
774 3227 895 3318 'Crassi
916 3241 1017 3292 morte
1047 3232 1132 3312 apud
1148 3229 1295 3291 ‘Parthos
1317 3239 1350 3290 et

192 3345 297 3397 morte
313 3333 416 3405 Iuliae
431 3333 576 3396 Caesaris
591 3334 695 3408 filiae,
721 3355 801 3415 quae
816 3344 921 3415 nupta
936 3333 1090 3416 Pompeio
1105 3334 1215 3416 generi
1235 3333 1349 3396 soceri-

119 3515 121 3518 ·
194 3461 258 3523 que
273 3437 474 3501 concordiam
487 3433 683 3500 matrimonii
698 3439 822 3501 foedere
838 3437 1035 3514 continebat,
1052 3439 1163 3501 statim
1178 3439 1350 3502 aemulatio

141 3559 174 3607 30
197 3544 313 3626 erupit.
344 3543 410 3607 iam
432 3542 586 3627 Pompeio
607 3553 773 3627 suspectae
788 3543 934 3608 Caesaris
955 3565 1030 3626 opes
1052 3556 1084 3608 et
1104 3545 1234 3609 Caesari
1255 3547 1349 3607 Pom·

198 3804 209 3853 l
226 3799 304 3852 annis
322 3799 370 3852 sed
386 3797 427 3867 ΒΙΙ
440 3798 537 3852 breues
554 3799 702 3852 Halmius:
721 3800 802 3853 breue
819 3813 854 3864 Β,
874 3799 957 3854 breue
973 3807 1081 3871 tempus
1097 3813 1123 3854 Β
1138 3802 1147 3872 ΙΙ
1167 3801 1283 3871 spatium
1302 3802 1350 3854 ubi

197 3875 370 3938 commissum
381 3896 439 3948 arry
456 3903 498 3937 em
514 3883 669 3938 Perizonius
682 3886 691 3955 ΙΙ
705 3888 720 3937 2
733 3885 952 3956 bisspaniamque
968 3887 1037 3956 1³11ss
1057 3904 1181 3940 occasum
1197 3900 1217 3940 Β
1230 3888 1268 3957 nl
1287 3887 1350 3940 hinc

196 3983 268 4023 oms
281 3970 290 4040 l
303 3977 440 4040 aegyptou
451 3979 478 4022 Β
488 3967 496 4040 Η
510 3973 525 4020 5
539 3969 663 4041 hispania
674 3971 800 4040 regnauit
816 3984 836 4023 Β
848 3973 857 4041 ΙΙ
872 3975 886 4023 7
900 3971 966 4024 urbe
978 3971 1038 4042 ipsa
1047 3973 1092 4043 Nn
1106 3975 1121 4024 8
1133 3989 1193 4025 sese
1202 3985 1228 4026 Β
1238 3973 1247 4044 ἢ
1260 3975 1276 4026 9
1289 3990 1351 4027 oau-

197 4071 242 4108 sae
258 4056 303 4125 ΒΙΙ
316 4056 463 4126 eademque
482 4054 604 4108 omnium
621 4057 684 4127 Ball
700 4057 731 4110 10
750 4057 868 4110 africano
879 4056 920 4125 'l
937 4059 966 4108 12
986 4058 1138 4112 armoenios
1153 4070 1173 4111 Β
1185 4058 1196 4126 ΙΙ
1210 4061 1242 4110 13
1258 4064 1351 4110 mouet

194 4141 222 4190 ’Β
235 4139 244 4208 ss
259 4142 288 4191 15
307 4148 429 4209 petentes
449 4155 469 4194 Β
481 4143 491 4212 ll
504 4140 608 4195 oblicus
624 4153 650 4193 Β
666 4143 674 4213 l
694 4143 850 4212 pompeium
860 4141 905 4211 Nl
921 4145 952 4194 16
963 4141 1028 4194 hinc
1039 4142 1083 4213 ΒΙ
1096 4149 1282 4196 transuersum
1293 4141 1338 4208 ΒΙΙ

201 4224 232 4273 18
244 4232 278 4275 ut
291 4225 344 4275 add
359 4226 570 4280 Mammenses:
589 4243 631 4279 om
648 4227 712 4299 Ball
725 4229 859 4282 auctiores
876 4240 902 4281 Β
918 4228 929 4297 l
946 4245 974 4296 g.
994 4239 1019 4279 N
1035 4227 1044 4297 ll
1064 4230 1098 4279 20
1115 4245 1196 4298 super
1213 4231 1239 4279 Β
1255 4227 1349 4296 [thuna

198 4305 327 4358 Heimim
340 4308 349 4376 ll
362 4311 394 4360 25
407 4310 537 4363 maximos
548 4321 573 4362 Ν
584 4311 593 4379 l
607 4319 634 4365 et
646 4313 699 4365 iam
712 4315 749 4367 sio
762 4313 836 4366 orbis
847 4325 873 4365 Ν
882 4313 891 4379 ΙΙ
905 4316 938 4365 26
950 4313 1099 4366 dominatio
1111 4313 1210 4366 exinde
1222 4309 1349 4381 quoniam

197 4391 244 4460 ΝΗ
258 4393 289 4442 27
303 4398 331 4443 et
342 4410 384 4444 om
395 4401 414 4444 Β
427 4394 436 4460 ῃ
445 4395 482 4444 ’29
495 4389 605 4447 tenebat
615 4399 660 4466 Nl
