3300 5084
497 307 645 350 senous
662 308 701 362 11,
720 300 793 348 7-9
812 287 880 370 [111,
901 289 1035 373 19—21].
1304 288 1345 350 87

187 466 312 538 penset
332 455 415 518 ferro
438 456 672 537 ergastulorum
693 466 817 519 recocto
837 456 962 539 gladios
982 481 1025 533 ac
1042 458 1106 519 tela
1127 457 1282 520 fecerum.
1307 472 1344 520 ac

188 583 230 623 ne
246 562 333 642 quod
347 562 444 623 decus
458 560 545 624 insto
560 563 684 623 deesset
694 559 874 638 exercitui,
898 563 1028 627 domitis
1043 562 1148 626 obuiis
1163 563 1261 626 etiam
1274 580 1344 646 gre·

188 667 282 750 gibus
297 677 428 749 paratur
443 666 621 749 equitatus„
635 678 792 749 captaque
807 669 847 730 de
861 669 1062 750 praetoribus
1077 667 1220 751 insignia
1234 677 1267 730 et
1282 668 1344 730 fas·

190 793 242 834 ces
258 772 429 835 adducam
453 773 606 834 detulere.
637 793 697 834 nec
720 773 834 835 abnuit
856 773 911 835 ille
933 775 974 836 de
996 774 1203 857 stipendiario
1224 774 1347 836 Thrace
1381 848 1385 852 Α

104 910 108 917 -
152 890 167 938 t
189 877 298 953 miles,
316 878 355 940 de
370 877 474 941 milite
489 880 649 954 desertor,
674 880 714 940 de
729 880 889 952 desertore
904 880 1005 954 latro,
1029 880 1146 943 deinde
1169 879 1203 941 in
1227 879 1348 943 honore

106 983 109 988 ’
190 983 310 1047 uirium
330 983 498 1066 gladiator.
528 983 607 1067 quin
628 984 853 1046 defunctorum
874 1004 1001 1066 quoque
1022 982 1143 1065 proelio
1165 987 1285 1047 ducum
1298 985 1348 1046 fu-

190 1111 268 1152 nera
282 1088 511 1170 imperatorum
526 1088 702 1152 celebrauit
716 1089 878 1172 exequiis,
907 1088 1117 1172 captiuosque
1138 1090 1222 1153 circa
1236 1111 1351 1173 rogum

191 1194 286 1258 iussit
299 1194 397 1258 armis
409 1193 605 1284 depugnare,
623 1193 713 1276 quasi
722 1196 818 1277 plane
831 1195 1019 1278 expiaturus
1031 1215 1126 1258 omne
1142 1195 1352 1278 praeteritum

192 1288 347 1376 dedecus,
365 1300 393 1363 si
408 1302 448 1363 de
462 1300 639 1384 gladiatore
653 1300 856 1365 munerarius
869 1302 1006 1363 bustum
1018 1298 1157 1364 fecisset.
1188 1301 1265 1363 inde
1287 1301 1352 1367 iam

143 1416 174 1466 10
195 1405 398 1470 consularem
423 1425 549 1488 quoque
576 1407 745 1489 adgressus
767 1404 801 1467 in
822 1406 997 1488 Appenino
1020 1404 1155 1468 Lentuli
1175 1403 1353 1468 exercitum

29 1499 34 1508 ¹
193 1509 320 1586 cecidit,
339 1513 424 1594 apud
439 1511 604 1574 Mutinam
619 1511 717 1574 Publi
733 1511 825 1574 Cassi
841 1522 945 1574 castra
958 1510 1091 1573 deleuit.
1116 1510 1233 1593 quibus
1247 1511 1352 1572 elatus

194 1615 337 1679 uictoriis
353 1618 392 1678 de
407 1615 591 1679 inuadenda
606 1617 685 1679 urbe
701 1618 807 1679 Roma
822 1653 864 1663 —-
881 1618 968 1698 quod
988 1615 1066 1678 satis
1085 1627 1134 1678 est
1157 1615 1353 1698 turpitudini

194 1732 322 1784 nostrae
340 1759 378 1768 —
395 1721 597 1784 deliberauit.
624 1723 754 1784 tandem
766 1720 854 1784 enirn
870 1719 945 1782 totis
960 1719 1088 1801 imperii
1101 1720 1227 1784 uiribus
1243 1732 1354 1784 contra

186 1827 433 1910 ‘myrmillonem
444 1837 654 1908 consurgrmt,
671 1829 889 1909 pudoremque
901 1829 1088 1889 Romanum
1102 1825 1251 1888 Licinius
1261 1823 1367 1889 Crasss

146 1945 176 1994 tt
197 1955 251 1995 sus
267 1931 408 1994 adseruit
416 1954 425 2005 ;
444 1952 540 2014 aquo
556 1931 642 2013 pulsi
662 1931 830 2016 fugatique
846 1969 885 1978 -
901 1932 1003 2014 pudet
1015 1931 1123 1994 'dicere
1137 1969 1180 1978 -
1194 1933 1303 1994 hostes
1318 1931 1354 1994 in

199 2040 343 2099 extrema
370 2036 484 2100 Italiae
509 2037 708 2119 refugerunt.
741 2033 787 2100 ibi
807 2035 890 2100 circa
912 2037 1070 2100 Brittium
1085 2039 1243 2120 angulum
1258 2038 1351 2114 clusi,

199 2163 274 2206 eum
295 2143 406 2224 ngam
426 2141 460 2203 in
488 2142 633 2211 Siciliam
658 2153 808 2226 pararent
840 2162 946 2226 neque
973 2141 1106 2226 nauigia
1134 2154 1352 2226 suppeterent,

193 2257 340 2330 ratesque
361 2269 400 2309 ex
415 2247 555 2311 cratibus
572 2257 605 2310 et
620 2247 712 2312 doles
727 2271 848 2312 conexa
872 2228 1024 2331 uirgultis
1049 2248 1254 2331 rapidissimo
1274 2249 1355 2312 freto

194 2353 314 2416 frustra
327 2353 571 2436 experirentur,
590 2357 720 2418 tandem
735 2355 904 2437 eruptione
924 2355 1009 2416 faeta
1029 2354 1129 2437 digna
1150 2354 1229 2416 uiris
1250 2353 1355 2416 obiere

143 2471 176 2521 to
196 2469 298 2522 morte
313 2469 357 2533 et,
375 2461 461 2541 quod
476 2459 541 2520 rub
556 2459 732 2541 gladiatore
748 2462 830 2522 duce
845 2459 1007 2542 oportuit,
1024 2456 1094 2522 sine
1108 2457 1260 2520 missione
1275 2475 1355 2541 pugn

197 2574 311 2626 natum
326 2573 386 2626 est.
412 2565 589 2646 Spartacus
604 2563 672 2645 ipse
688 2563 843 2647 inprime
857 2563 985 2647 agmine
1006 2564 1178 2627 fortissime
1200 2563 1356 2629 umens

199 2669 291 2756 quasi
304 2669 477 2751 imperator
491 2667 614 2734 occisus
631 2679 696 2732 est.
992 2679 995 2685 '
1070 2676 1073 2680 ’

388 2886 507 2955 VIIII.
537 2886 722 2954 BELLVM
738 2887 896 2955 CIVILE
911 2885 1177 2954 MARIANVM.

200 3077 276 3141 Hoc
289 3079 400 3140 deerat·
410 3098 515 3142 unum
530 3077 642 3160 populi
655 3076 798 3144 Romani
811 3076 918 3153 malis,
935 3087 973 3140 ut
987 3076 1053 3140 iam
1067 3077 1137 3160 ipse
1148 3077 1234 3140 intra
1244 3099 1279 3141 se
1289 3098 1427 3159 para-111,
1438 3080 1475 3138 21

149 3194 182 3244 25
202 3182 332 3246 rioidale
353 3183 476 3248 bellum
499 3183 590 3246 domi
612 3183 803 3266 stringeret,
820 3183 903 3254 etin
918 3184 997 3245 urbe
1011 3183 1118 3247 media
1132 3205 1169 3246 ac
1184 3184 1252 3246 foro
1267 3181 1360 3266 quasi

203 3289 323 3350 harena
345 3286 432 3348 ciues
455 3303 531 3349 cum
555 3287 681 3352 ciuibus
705 3288 772 3352 suis
794 3287 985 3370 gladiatorio
1010 3309 1098 3350 more
1121 3298 1357 3351 concurrerent.

202 3391 351 3473 'aequiore
369 3390 477 3454 animo
491 3402 666 3475 utcumque
681 3392 806 3466 ferrem,
824 3393 852 3455 si
866 3393 972 3474 plebei
986 3393 1082 3455 duces
1099 3405 1167 3468 aut,
1184 3393 1212 3456 si
1223 3394 1359 3467 nobiles,

205 3496 282 3559 mali
297 3496 415 3558 saltem
430 3477 583 3558 ducatum
599 3495 710 3560 sceleri
724 3497 957 3580 praebuissent.
984 3509 1054 3558 tum
1065 3520 1141 3560 uero
1159 3534 1194 3544 -—
1213 3520 1271 3580 pro
1285 3497 1361 3568 faci-

207 3771 221 3819 2
236 3765 354 3832 dedecus
366 3777 386 3816 B
399 3762 408 3833 ll
421 3763 503 3816 etiam
517 3777 591 3818 onan
601 3767 609 3836 ll
623 3768 777 3835 sperantur
788 3777 807 3818 B
820 3764 831 3834 ll
843 3768 858 3816 5
872 3765 906 3816 de
919 3764 1055 3817 desertore
1067 3765 1136 3817 latro
1154 3764 1363 3820 Mmuauem'su:

207 3853 240 3905 da
252 3852 322 3904 latro
334 3863 362 3914 B,
378 3849 476 3902 deinde
488 3850 557 3902 latro
569 3863 592 3903 Ν
605 3851 613 3921 [Ι
627 3855 642 3903 6
659 3847 725 3920 quin
739 3849 955 3902 humbaudus:
978 3849 1041 3918 quia
1052 3861 1087 3913 B,
1108 3849 1155 3920 qui
1166 3863 1192 3902 Ν
1201 3853 1210 3922 Η
1224 3855 1238 3903 7
1251 3852 1364 3922 inspera-
1466 3836 1469 3852 ι

199 3937 283 3990 vtoriis
298 3937 344 4007 ΝΙΙ
363 3939 379 3989 8
399 3935 569 4005 depugnaret
586 3948 605 3987 s
618 3934 627 4003 ll
644 3938 659 3986 9
678 3941 837 3988 munerator
855 3947 879 3987 Ν
890 3935 1028 4004 thumum
1045 3934 1153 3987 fecium
1170 3936 1282 4006 sampsi.-
1306 3944 1366 3989 turn

183 4054 187 4066 ι
208 4021 304 4074 fuisset
315 4033 343 4084 B,
363 4019 460 4075 fuisset
476 4033 502 4074 Ν
512 4021 522 4091 {l
537 4025 567 4073 10
588 4019 782 4073 casulatus
793 4019 803 4090 l
815 4019 969 4089 appennino
981 4018 1069 4088 Ν1111
1085 4021 1247 4088 pereaecidit
1256 4030 1287 4073 ΙΝ
1299 4020 1310 4090 ll
1321 4019 1366 4089 gai

209 4105 277 4159 cassi
288 4117 315 4158 Ν
324 4104 333 4175 l
349 4109 378 4158 12
391 4123 503 4161 romana
513 4118 558 4160 ΝΝ
568 4107 579 4176 {l
593 4108 625 4158 13
637 4103 719 4158 etiam
730 4117 757 4157 Ν
768 4105 777 4176 l(
785 4107 824 4157 14
837 4104 1062 4174 consurgiturrtfl
1077 4105 1247 4158 ldbruttium
1258 4117 1278 4157 Ν
1291 4102 1300 4172 ll
1312 4101 1367 4154 fusi

208 4201 227 4240 a
239 4190 249 4258 ΙΙ
264 4192 295 4241 18
307 4190 462 4246 trabibus-s
474 4192 483 4262 ll
497 4190 571 4244 dolia
586 4204 606 4244 n
620 4190 629 4262 ll
642 4190 671 4244 in
683 4189 857 4260 rapidissimo
867 4201 894 4241 Ν
904 4188 912 4256 ΙΙ
928 4192 959 4241 19
972 4189 1141 4258 experiretur
1156 4203 1176 4243 Ν
1188 4191 1197 4259 ll
1210 4189 1321 4257 dignam
1337 4212 1365 4223 -

210 4280 324 4326 mortem
335 4287 360 4327 Ν
371 4275 380 4344 ll
393 4279 423 4326 21
445 4282 588 4345 spartagus
606 4288 626 4328 e
639 4274 648 4344 ΙΙ
669 4276 774 4328 semine
793 4288 812 4327 s
825 4275 835 4345 11
848 4279 884 4327 24
899 4274 953 4327 ianr
971 4280 1004 4328 ut
1014 4274 1059 4345 ul
1071 4277 1105 4326 15
1123 4275 1209 4328 telum
1225 4269 1367 4324 stabele-

211 4357 280 4410 ma'us
293 4357 302 4426 ΙΙ
316 4361 349 4410 26
362 4375 442 4412 arena
455 4371 473 4412 Ν
486 4359 495 4430 ll
504 4363 541 4413 '28
554 4360 633 4413 malis
645 4372 670 4412 Ν
680 4361 689 4430 ll
703 4377 764 4414 cum
776 4371 802 4414 Ν
813 4359 822 4428 ΙΙ
