3300 5084
472 337 476 341 ·
526 343 674 387 senona
690 343 714 398 r,
733 335 842 384 20-22
860 324 914 408 [11,
932 325 1032 408 4-6].

165 494 190 556 Ι
363 492 483 555 XXII.
508 494 693 557 BELLVM
709 493 923 574 PVNICVM
934 480 1198 558 SEOVNDVM.

208 683 301 743 Post'
308 679 451 761 primum
472 679 635 742 Punicum
656 679 780 742 bellum
807 679 865 742 uix
887 678 1090 762 quadriennii
1115 679 1258 761 requies:
1291 677 1446 750 ecce11,6

207 785 344 847 alterum
354 785 488 860 bellum,
502 784 610 848 minus
622 785 752 868 quidem
764 784 867 868 spatio
881 823 919 833 —
931 807 992 870 nec
1004 784 1091 847 enim
1102 785 1241 868 amplius
1252 786 1363 847 decem

208 902 241 962 et
255 873 327 954 oetd
342 913 444 954 annos
459 891 557 953 habet
579 927 618 938 -
640 893 696 954 sed
723 891 802 974 adeo
831 889 973 954 cladium
999 889 1165 967 atrocitate
1184 889 1363 952 terribilius

173 1011 187 1058 5
208 1008 263 1074 ut,
288 996 317 1070 si
339 995 411 1078 quis
435 991 577 1060 conferat
593 997 710 1058 damna
726 995 893 1079 utriusque
907 997 1037 1080 populi,
1062 977 1197 1076 similior
1218 995 1306 1057 uicto
1322 995 1363 1058 sit

207 1103 346 1184 populus
361 1101 417 1164 ille
433 1102 489 1184 qui
503 1102 594 1166 uicit.
619 1103 732 1166 urebat
754 1102 897 1165 nobilem
918 1103 1077 1184 populum¹
1095 1122 1182 1162 mare
1204 1101 1361 1175 ablatum,

208 1219 317 1292 raptae
332 1207 476 1284 insulae,
501 1210 575 1272 dare
591 1208 730 1283 tributa,
754 1229 839 1289 quae
851 1206 960 1270 iubere
975 1216 1196 1270 consueuerat.
1212 1206 1299 1269 ,hinc
1313 1207 1362 1268 ul-

208 1293 331 1376 tionem
346 1334 426 1396 puer
439 1313 582 1376 Annibal
599 1315 640 1376 ad
654 1327 743 1374 aram
756 1312 857 1396 patris
877 1312 1059 1387 iurauerat,
1081 1333 1141 1374 nec
1166 1313 1361 1377 morabatur.

209 1419 311 1502 igitur
324 1418 360 1480 in
376 1440 505 1502 causam
517 1417 596 1481 belli
612 1419 774 1499 Saguntos
789 1419 892 1480 electa
906 1429 966 1493 est,
983 1428 1079 1480 uetus
1089 1417 1270 1500 Hispaniae
1285 1417 1363 1479 ciui·

159 1537 191 1586 10
212 1533 261 1587 tas
288 1534 320 1586 et
347 1524 500 1606 opulenta
525 1521 664 1605 fideique
688 1543 764 1606 erga
789 1525 953 1586 Romanos
979 1544 1135 1606 magnum
1160 1523 1291 1604 quidem
1317 1523 1366 1583 set'

210 1630 299 1694 triste
314 1630 563 1705 monimentum,
580 1651 678 1710 quam
691 1628 726 1690 in
738 1628 920 1690 libertatem
935 1627 1099 1690 communi
1113 1628 1238 1690 foedere
1253 1648 1365 1709 excep

210 1747 278 1800 tam
284 1731 441 1812 Annibal,
459 1756 570 1798 causas
585 1755 744 1796 nouorum
758 1743 908 1795 motuum
923 1753 1089 1815 quaerens,
1106 1742 1139 1794 et
1152 1731 1220 1795 suis
1235 1743 1268 1797 et
1282 1733 1365 1815 ipso-

210 1864 282 1906 rum
310 1840 460 1904 manibus
489 1838 605 1902 euertit
630 1849 668 1914 nt
694 1837 825 1903 Italiam
852 1836 913 1900 sibi
944 1847 1039 1919 rupto
1064 1837 1190 1900 foedere
1217 1837 1363 1920 aperiret.

179 2005 182 2011 ,
213 1967 339 2016 summa
353 1945 518 2006 foederum
532 1943 689 2006 Romanis
704 1943 816 2026 religio
831 1954 880 2006 est
887 1969 897 2019 3
922 1943 1032 2028 itaque
1044 1946 1085 2008 ad
1098 1943 1249 2006 auditum
1262 1942 1367 2006 sociae

161 2065 192 2113 15
212 2049 355 2114 ciuitatis
370 2048 549 2124 obsidium,
572 2070 726 2112 memores
748 2049 805 2122 icti
825 2072 901 2112 cum
930 2050 1049 2114 Poenis
1071 2072 1196 2134 quoque
1218 2048 1365 2124 foederis,

214 2177 280 2219 non
295 2155 406 2220 statim
421 2155 461 2219 ad
476 2175 564 2218 arma
577 2166 788 2246 procurrunt,
811 2159 890 2220 dum
910 2156 1000 2239 prius
1015 2179 1103 2226 more
1116 2156 1262 2239 legitimo
1278 2155 1368 2238 queri

212 2262 349 2324 malunt.
367 2260 498 2324 interim
512 2260 577 2323 iam
591 2281 711 2324 nouem
724 2261 889 2325 mensibus
910 2262 986 2326 fessi
1000 2263 1085 2326 fame
1099 2261 1257 2327 machinis
1273 2261 1366 2335 ferro,

212 2389 305 2430 uersa
319 2367 457 2450 denique
472 2366 507 2430 in
528 2366 650 2430 rabiem
670 2368 734 2431 fide
754 2366 919 2429 inmanem
938 2367 975 2430 in
994 2368 1062 2430 foro
1082 2367 1226 2429 excitant
1241 2387 1366 2448 rogum,

214 2483 284 2536 tum
300 2475 435 2555 desuper
450 2494 483 2534 se
498 2493 635 2553 suosque
650 2493 725 2534 cnm
740 2471 891 2535 omnibus
911 2472 1026 2556 opibus
1047 2471 1114 2535 suis
1136 2472 1219 2534 ferro
1240 2481 1272 2532 et
1293 2470 1368 2552 igne

161 2590 194 2639 20
214 2588 432 2660 corrumpunt.
458 2575 556 2638 huius
572 2585 681 2637 tantae
697 2574 796 2639 cladis
811 2587 924 2640 auctor
937 2577 1082 2640 Annibal
1095 2577 1248 2660 poscitur.
1273 2575 1368 2658 tergi-

214 2682 417 2745 uersantibus
433 2679 551 2744 Poenis
567 2682 635 2744 dux
648 2681 823 2763 legationis·
838 2675 943 2765 ‘quae’
958 2682 1066 2765 inquit
1084 2675 1188 2746 ‘mora
1202 2674 1287 2745 esti'
1310 2683 1369 2746 Fa-

213 2788 286 2850 bius
303 2782 353 2849 ‘in
374 2788 435 2850 hoc
456 2808 515 2869 ego
537 2785 611 2848 sinu
625 2787 748 2848 bellum
762 2809 938 2872 pacemque
949 2798 1059 2871 port03
1086 2798 1196 2850 utrum
1210 2779 1369 2872 eligitiet’

212 2891 485 2957 succlamantibus
511 2884 691 2954 ‘belluml'
718 2886 862 2957 ‘bellum
882 2886 991 2976 igitur’
1017 2893 1125 2976 inquit
1142 2884 1315 2982 ‘accipite'
1338 2903 1370 2954 et

215 3021 348 3062 excusso
370 2998 405 3060 in
425 2995 532 3060 media
552 2996 640 3060 curia
663 3007 756 3080 togae
779 2997 901 3082 gremio
922 2989 989 3062 non
1011 2999 1084 3065 sine
1103 2999 1251 3073 horrore,
1279 2996 1371 3079 quasi

162 3114 195 3165 25
215 3104 310 3187 plane
325 3104 399 3196 sinn
413 3103 536 3176 bellurn
550 3104 658 3182 ferret,
676 3104 800 3168 effudit.

225 3277 227 3282 ,
302 3209 425 3283 Similis
440 3208 546 3272 exitus
560 3209 639 3272 belli
654 3210 756 3272 initiis
771 3210 845 3272 fuit.
863 3231 948 3281 ,nam
969 3210 1061 3292 quasi
1082 3210 1142 3272 has
1164 3209 1294 3272 inferias
1310 3208 1371 3272 sibi

217 3314 471 3398 Sagrmtinorum
485 3313 619 3375 ultimae
635 3314 721 3376 dirae
742 3313 778 3375 in
799 3314 857 3376 illo
877 3314 1008 3396 publico
1023 3314 1192 3397 parricidio
1207 3313 1370 3376 incendio-

221 3441 282 3501 que
296 3419 523 3508 mandassent,
540 3417 587 3480 ita
601 3419 751 3481 manibus
766 3439 877 3480 eorum
892 3419 1074 3481 uastatione
1090 3419 1217 3494 Italiae,
1235 3417 1370 3500 captiui·
1389 3414 1395 3422 ’

218 3534 284 3586 tate
306 3523 452 3596 Africae,
481 3523 601 3608 ducum
622 3533 655 3588 et
677 3544 790 3605 regum
806 3522 862 3604 qui
876 3522 910 3585 id
924 3544 1049 3604 gessere
1063 3523 1187 3584 bellum
1201 3523 1300 3585 exitio
1315 3544 1370 3604 pa-

165 3641 198 3691 30
218 3638 381 3692 rentatum
396 3637 454 3690 est.
480 3626 580 3710 igitur
593 3626 651 3688 ubi
666 3623 764 3690 semel
779 3627 862 3690 sein
876 3626 1039 3709 Hispania
1059 3626 1163 3690 mouit
1185 3627 1242 3690 illa
1263 3627 1372 3717 grauis

114 3863 117 3866 .
218 3818 233 3867 2
246 3814 364 3885 primum
377 3818 467 3866 autem
480 3810 610 3882 punicum
621 3823 636 3863 1
655 3811 664 3880 11
685 3827 765 3880 qnam
777 3811 889 3865 triennii
897 3825 931 3878 B,
946 3813 1153 3882 quadriennium
1166 3826 1181 3866 Ι
1198 3815 1207 3883 11
1228 3816 1242 3866 3
1255 3812 1371 3882 amplius

217 3917 298 3970 quam
310 3910 401 3952 xvrrrr
412 3909 437 3950 Ν
447 3897 456 3967 11
470 3901 485 3948 4
497 3895 626 3949 terribilis
643 3895 687 3959 1²¹,
708 3895 828 3950 terribile
840 3897 870 3950 [Ρ
883 3898 892 3967 11
904 3902 920 3950 5
941 3898 999 3950 uite
1011 3911 1037 3951 Ν
1046 3900 1056 3971 11
1069 3903 1085 3952 6
1097 3899 1144 3952 ille
1161 3917 1203 3951 orn
1219 3911 1245 3952 Ν
1254 3899 1264 3969 11
1277 3899 1373 3951 uberat

217 3995 240 4036 Ν
252 3984 261 4053 11
274 3984 395 4038 ablatum
407 3997 480 4034 mare
493 3981 565 4051 11⁶ssss
581 3986 594 4032 7
608 3981 636 4033 in
648 3981 779 4034 ultionem
792 3994 817 4035 Ν
828 3982 838 4052 1
850 3986 866 4036 8
878 3983 1009 4036 hannibal
1022 3995 1048 4036 Ν
1062 3998 1164 4052 eenqrer
1182 3986 1191 4054 1
1209 3983 1281 4054 patri
1297 3983 1342 4052 Ν1
1355 3987 1371 4036 9

219 4061 299 4120 causa
309 4067 365 4120 [ΡΝ
375 4067 384 4138 11
397 4066 502 4120 delecta
513 4073 555 4120 est
572 4083 605 4119 us
621 4065 765 4135 hispaniae=
779 4076 804 4118 Ν
814 4067 823 4136 11
839 4070 868 4119 11
889 4075 1097 4121 monumentum
1108 4080 1134 4120 Ν
1151 4069 1160 4138 1
1178 4070 1304 4123 libertate
1316 4081 1341 4121 Ν
1351 4070 1360 4139 11

220 4151 362 4221 exceptas
375 4152 384 4222 11
399 4155 429 4204 12
442 4168 552 4205 suorum
564 4163 600 4204 ΝΙ
609 4151 619 4221 11
635 4154 664 4202 13
679 4151 791 4204 uertite
805 4149 813 4220 11
830 4154 860 4204 16
872 4151 1023 4222 legitimmo
1035 4163 1060 4204 Ν
1070 4152 1079 4223 11
1092 4153 1185 4221 quaeri
1202 4167 1223 4207 Ν
1235 4155 1244 4224 11
1266 4159 1296 4206 ll
1305 4159 1373 4222 pato

220 4235 333 4287 malunt.
348 4236 493 4306 Saguntini
505 4236 613 4290 interim
626 4236 635 4306 11
651 4239 682 4288 18
695 4235 831 4289 inmanem
842 4236 901 4288 foro
913 4237 949 4305 111
964 4240 995 4289 19
1007 4237 1066 4306 igni
1077 4249 1116 4289 ΙΝ
1126 4238 1135 4308 11
1147 4239 1179 4290 21
1193 4244 1221 4292 et
1231 4241 1263 4290 23
1277 4237 1373 4305 inquid

218 4317 264 4370 Νι1
276 4318 286 4387 11
298 4321 329 4370 21
342 4319 401 4372 dux
412 4321 556 4389 legationis
568 4326 617 4373 out
630 4321 731 4373 Fabius
743 4320 880 4373 &lendum
892 4321 902 4391 1
914 4324 948 4373 26
961 4321 1040 4374 initio
1051 4333 1076 4373 Ν
1086 4322 1095 4392 1
1108 4325 1142 4374 29
1154 4324 1221 4391 quid
1232 4322 1292 4383 ΝΡΝ,
1307 4320 1374 4388 quid
1461 4350 1465 4357 ·

218 4401 247 4456 id
259 4401 286 4459 ι’Ι
299 4405 308 4472 11
321 4419 422 4456 cessere
433 4416 453 4455 Ν
466 4405 474 4474 1
489 4409 520 4457 30
534 4405 693 4475 Hispaniam
704 4403 759 4475 ΝΙ11

1165 4504 1180 4552 3
1187 4492 1204 4526 ἢ
