3300 5084
282 285 326 360 16'
645 327 673 344 ··
766 315 836 359 rvrr
853 314 951 358 moer

278 489 361 542 nae,
386 463 503 547 direpti
523 464 669 526 fimditus
692 465 853 546 deletique
873 464 1037 526 Veientes.
1078 463 1197 526 Falisci
1218 485 1293 528 cnm
1316 465 1439 528 obside-

281 582 402 646 rentur,
420 569 502 632 mira
517 569 562 632 eis
578 570 649 632 uisa
663 571 742 632 fides
758 569 978 652 imperatoris,
1004 590 1063 631 nec
1078 569 1247 645 inmerito,
1272 568 1357 653 quod
1371 571 1441 633 ludi

280 675 489 758 magistrum,
508 674 609 762 vurbis
635 673 850 756 proditorem,
872 696 957 736 cum
978 674 1031 737 his
1046 696 1125 757 quos
1140 676 1317 739 adduxerat
1332 675 1440 759 pueris

281 782 429 845 uinctum
441 780 502 843 sibi
514 781 599 844 ultro
611 779 796 853 remisisset.
812 800 884 842 eam
898 801 1037 862 namque
1052 773 1105 843 uir
1119 793 1249 844 sanetus
1262 791 1297 844 et
1313 781 1440 864 sapiens
1479 851 1482 855 ,

281 909 392 951 ueram
406 887 527 950 sciebat
552 907 621 949 esse
647 884 836 961 uictoriam,
864 907 947 968 quae
962 887 1054 949 salua
1068 889 1131 950 fide
1141 898 1180 950 'et
1193 879 1320 970 integra
1334 887 1439 970 digni·
1448 900 1475 965 ,5

281 1005 347 1057 tate
362 1002 537 1076 pareretur.
576 991 717 1054 Fidenae
733 989 809 1073 quia
822 1013 917 1073 pares
929 1013 997 1054 non
1012 1003 1103 1054 erant
1118 993 1213 1068 ferro,
1230 995 1271 1054 ad
1285 1002 1440 1056 terrorem

203 1149 205 1156 .
280 1101 478 1162 mouendum
499 1097 622 1160 facibus
644 1106 785 1160 armatae
805 1105 839 1159 et
857 1095 1068 1161 discoloribus
1090 1099 1287 1181 serpentium
1314 1098 1350 1159 in
1372 1119 1439 1160 mo-

282 1208 361 1269 dum
381 1203 473 1266 uittis
495 1202 605 1265 furiali
627 1224 715 1265 more
737 1213 976 1285 processerant;
1009 1205 1067 1266 sed
1094 1205 1226 1267 habitus
1254 1204 1311 1266 ille
1332 1203 1440 1267 feralis
1516 1185 1526 1202 ’

282 1304 459 1374 euersionls
481 1331 575 1372 omen
597 1309 671 1371 fuit.
704 1307 766 1372 Vei
787 1318 909 1390 quanta
929 1331 980 1372 res
1003 1309 1119 1386 filerit,
1143 1309 1266 1372 indicat
1287 1309 1440 1373 decennis

283 1415 416 1479 obsidio.
443 1425 513 1477 tum
527 1413 631 1496 primo
646 1412 827 1476 hiematum
846 1415 907 1476 sub
921 1414 1073 1496 pellibus,
1090 1423 1202 1478 taxata
1215 1414 1376 1497 stipendio
1391 1414 1439 1476 hi·
1462 1426 1494 1475 lo

281 1520 393 1597 berna,
411 1522 543 1582 adactus
558 1518 650 1582 miles
667 1541 725 1582 sua
741 1509 854 1603 s'ponte
868 1518 937 1581 iure
960 1520 1095 1583 iurando
1118 1541 1159 1581 ne
1174 1519 1238 1582 nisi
1253 1531 1347 1602 capta
1362 1521 1440 1582 urbe

192 1631 201 1639 ’
282 1637 447 1690 remearet.
467 1624 569 1709 spolia
583 1627 622 1687 de
647 1626 743 1688 Larte
760 1623 933 1689 Tolumnio
948 1627 990 1687 ad
1005 1625 1184 1689 Feretrium
1205 1625 1385 1707 triumpho-1
1392 1646 1440 1686 re-

209 1715 213 1721 '
282 1742 420 1816 portata.
438 1731 576 1813 denique
591 1752 658 1793 non
674 1729 768 1794 scalis
784 1751 845 1794 nec
859 1729 1063 1813 inruptione,
1080 1732 1137 1794 sed
1151 1731 1301 1794 cuniculo
1316 1742 1349 1794 et
1364 1731 1438 1793 sub-

283 1839 437 1914 terraneis
457 1836 540 1901 dolis
561 1846 726 1919 peractum
749 1835 839 1899 urbis
867 1836 1040 1900 excidium.
1071 1858 1110 1898 ea
1138 1836 1276 1919 denique
1296 1836 1369 1900 uisa
1391 1846 1440 1899 est

282 1947 419 2028 praedae
440 1941 651 2026 magnitudo,
679 1940 769 2002 cuius
793 1941 917 2004 decima
938 1942 1084 2025 Apollini
1105 1941 1225 2026 Pythio
1245 1942 1438 2018 mitteretur,
1461 1954 1492 2003 15

283 2051 517 2131 uniuersusque
542 2047 681 2130 populus
704 2047 872 2108 Romanus
895 2049 936 2109 ad
961 2048 1180 2130 direptionem
1198 2048 1288 2110 urbis
1310 2069 1439 2134 uocare·

212 2166 216 2172 '
283 2169 346 2220 tur.
371 2157 433 2218 hoc
448 2164 526 2217 tunc
541 2152 603 2217 Vei
623 2151 722 2214 fuere.
747 2172 836 2213 nune
857 2151 956 2214 fuisse
979 2153 1051 2234 quis
1072 2152 1241 2216 meminit?
1262 2175 1344 2235 quae
1366 2152 1457 2214 reli--

164 2305 169 2316 ·
283 2261 397 2346 quiae?
420 2261 506 2343 quod
520 2255 716 2340 uestigium?
738 2256 864 2320 laborat
879 2256 1045 2320 annalium
1060 2258 1158 2333 fides,
1176 2252 1213 2319 u't
1227 2257 1325 2320 Veios
1340 2257 1438 2322 fuisse

284 2361 461 2432 credamus.

588 2604 669 2667 VII.
693 2602 880 2665 BELLVM
895 2602 1144 2696 GALLICVM.
1235 2656 1240 2664 „
1459 2613 1493 2662 20

229 2820 267 2880 13
285 2811 436 2888 Hicsiue
452 2809 577 2872 inuidia
592 2811 689 2872 deum
705 2809 774 2873 siue
789 2809 856 2873 fato
870 2810 1093 2893 rapidissimus
1108 2811 1324 2895 procurrentis
1339 2812 1438 2894 impe-

285 2918 451 2982 riicursus
465 2935 638 2998 parumper
650 2915 820 2977 Gallorum
836 2914 1003 2978 Senonum
1016 2915 1199 2979 incursione
1214 2912 1441 3000 supprimitur.-

285 3025 370 3106 quod
382 3032 509 3102 tempus
520 3019 639 3102 populo
651 3020 799 3082 Romano
814 3019 923 3082 nescio
934 3030 1045 3082 utrum
1056 3022 1146 3084 clade
1157 3021 1317 3084 fimestius
1328 3021 1437 3096 firerit,

285 3152 328 3194 an
342 3125 473 3214 uirtutis
489 3124 716 3207 experimentis
731 3124 916 3208 speciosius.
934 3147 974 3188 ea
988 3136 1073 3189 certe
1087 3126 1150 3189 fuit
1172 3126 1223 3190 uis
1245 3127 1438 3192 calamitatis

284 3236 371 3300 utin
391 3231 647 3316 experimentum
667 3230 802 3294 inlatam
823 3241 936 3314 putem
957 3231 1135 3308 diuinitus,
1159 3233 1239 3296 scire
1254 3233 1438 3298 uolentibus
1460 3245 1493 3294 25

284 3321 508 3406 inmortalibus
530 3336 599 3412 dis,
623 3357 666 3397 an
681 3337 835 3413 Romana¹
845 3336 949 3402 uirtus
964 3338 1136 3420 imperium
1151 3340 1236 3404 orbis
1250 3351 1437 3404 mereretur.

380 3442 399 3467 '‘
408 3443 498 3509 Galli
525 3444 692 3518 Senones,
729 3463 809 3525 gens
843 3452 962 3506 natura
990 3443 1104 3521 ferox,
1146 3446 1289 3509 moribus
1327 3446 1437 3512 incon·
1459 3447 1484 3506 I

285 3555 370 3631 dita,
398 3551 514 3615 adhoc
540 3549 610 3633 ipsa
635 3569 804 3630 corporum
829 3548 933 3624 mole,
963 3548 1097 3631 perinde
1119 3551 1216 3615 armis
1238 3552 1437 3636 ingentibus,

286 3661 365 3722 adeo
387 3656 475 3722 omni
497 3677 613 3738 genere
641 3653 791 3716 terribilis
822 3652 885 3714 fuit
917 3662 955 3716 ut
980 3655 1077 3735 plane
1103 3645 1181 3720 irata
1206 3658 1246 3719 ad
1269 3657 1438 3720 hominum

218 3977 220 3983 ’
288 3960 298 4007 1
314 3957 437 4010 funditus
445 3959 581 4013 sallentini
588 3958 748 4027 deletiquer
760 3957 769 4028 ll
783 3958 897 4027 phalisci
908 3971 928 4011 Β
940 3958 950 4029 l
963 3959 1198 4029 nituisses-apsi:
1211 3966 1253 4012 est
1260 3959 1320 4012 uisa
1330 3969 1358 4022 B,
1373 3957 1433 4010 uisa

285 4045 359 4091 ests
369 4039 377 4110 ΙΙ
391 4044 406 4093 6
419 4050 556 4110 pareretur
562 4043 609 4107 Νό,
621 4031 784 4113 pararetura
797 4043 805 4114 ll
818 4043 870 4096 ath
883 4043 893 4115 ΙΙ
906 4047 920 4096 7
931 4051 1086 4114 serpentum
1096 4056 1123 4098 Ν
1133 4045 1303 4115 llimmodum
1314 4056 1333 4096 Β
1346 4044 1356 4114 l
1368 4043 1438 4097 duel

285 4134 310 4174 Ν
326 4121 334 4191 lt
348 4122 525 4180 inmodicatr
535 4127 543 4198 ΙΙ
559 4132 663 4181 ldtunc
675 4127 824 4197 primumn
834 4129 844 4199 l!
857 4129 1060 4201 suppelibusnn
1076 4133 1103 4182 ll
1119 4147 1153 4183 ne
1165 4140 1236 4183 oms
1247 4130 1256 4200 ll
1272 4128 1437 4182 1111111111-

285 4205 368 4258 trium
380 4207 516 4278 triumpho
529 4218 666 4281 reportata
678 4213 790 4283 scripsi.-
808 4214 918 4267 afferret
932 4215 1100 4285 triumphum
1112 4221 1262 4284 reportaret
1277 4227 1306 4279 Β,
1320 4213 1356 4266 ad
1369 4213 1437 4266 lere-

286 4290 367 4342 trium
383 4299 519 4359 reportata
531 4307 555 4348 Ν
567 4297 575 4366 Η
592 4300 622 4349 15
635 4297 738 4352 decima
749 4298 861 4368 empti:
879 4298 998 4351 decimae
1009 4310 1054 4352 ΒΝ
1068 4300 1078 4370 ΙΙ
1095 4300 1248 4354 mitteretur
1260 4312 1296 4352 13.-
1308 4300 1435 4354 mittercn

285 4379 330 4425 tur
340 4375 384 4444 Nl)
399 4379 429 4427 17
443 4377 487 4431 uel
498 4391 523 4432 Ν
533 4379 542 4449 ll
557 4382 588 4433 18
601 4382 710 4450 quodue
720 4395 747 4446 ΝΙ
756 4383 765 4453 ll
778 4384 854 4436 ueios
867 4383 906 4435 baa
918 4383 933 4436 b
945 4383 955 4453 ll
967 4387 998 4436 21
1013 4385 1130 4438 latorum
1141 4396 1161 4437 Β
1173 4383 1182 4454 ΙΙ
1195 4387 1228 4436 25
1241 4383 1371 4441 inlatum
1382 4399 1402 4440 Β
1413 4387 1424 4456 ΙΙ
