3300 5084
283 351 330 424 ‚34
774 367 845 410 ivm
861 367 959 411 enom

291 528 357 592 est,
375 517 492 599 quippe
508 516 590 578 sicut
604 515 726 597 primus
749 516 889 598 impetus
911 517 956 580 eis
977 518 1079 580 maior
1098 539 1195 599 quam
1214 518 1438 606 uirorumgest,
1462 519 1487 578 I

254 675 256 682 .
290 624 337 686 ita
359 642 495 704 sequens
510 620 614 684 minor
635 643 731 704 quam
753 620 945 684 feminarum
968 657 1006 671 —-
1029 623 1150 706 Alpina
1170 645 1301 706 corpora
1320 623 1445 685 umenti

192 789 194 792 ,
292 711 379 791 caelo
395 721 530 790 educata
544 726 664 788 habent
686 727 968 808 quiddam'simile
988 729 1121 791 niuibus
1142 729 1225 792 suis:
1251 727 1355 810 quarn
1368 749 1443 791 mox

292 835 417 896 caluere
431 853 558 914 pugna,
576 832 686 894 statim
700 833 735 894 in
757 834 904 896 sudorem
926 845 1005 896 eunt
1027 844 1069 915 et
1081 834 1149 895 leui
1163 844 1255 896 motu
1270 833 1362 916 quasi
1377 835 1444 896 sole
1523 915 1528 922 ι
1636 853 1638 865 “

291 941 453 1008 laxantur.
480 938 516 999 hi
538 959 630 1018 saepe
653 948 684 998 et
707 937 785 1000 alias
808 968 845 1002 s*
862 941 916 1001 sed
938 939 1132 1001 Brittomaro
1160 940 1241 1000 duce
1267 960 1333 1014 non
1359 939 1475 1020 prius5

291 1044 450 1127 posituros
473 1065 506 1106 se
525 1043 632 1104 baltea
660 1065 755 1124 quam
779 1042 978 1124 Capitolium
1006 1042 1224 1105 ascendissent
1245 1042 1441 1104 iurauerant.

291 1150 412 1212 factum
434 1159 498 1222 est;
526 1147 628 1212 uictos
651 1148 736 1209 enim
764 1147 923 1231 Aemilius
947 1147 982 1209 in
1004 1147 1164 1230 Capitolio
1187 1147 1353 1218 discinxit.¹
1368 1169 1445 1210 mox

291 1254 454 1344 Ariouisto
470 1254 550 1314 duce
566 1257 684 1315 uouere
700 1255 739 1314 de
761 1264 943 1316 nostrorum
964 1253 1106 1315 militum
1127 1254 1245 1342 praeda
1265 1253 1365 1316 Marti
1385 1275 1443 1316 suo

292 1347 447 1440 torquem.
472 1355 641 1438 intercepit
664 1358 810 1441 Iuppiter
834 1368 949 1420 uotum
954 1383 964 1432 3
989 1380 1066 1420 nam
1087 1361 1126 1420 de
1147 1340 1314 1440 torquibus
1336 1380 1446 1422 eorum

281 1485 425 1536 ¹aureum
440 1473 607 1544 tropaeum
629 1463 702 1526 Ioui
724 1464 904 1527 Flaminius
924 1463 1036 1526 erexit.
1060 1463 1263 1527 Viridomaro
1285 1487 1359 1547 rege
1379 1467 1444 1528 Ro·
1468 1478 1499 1527 10

292 1589 388 1632 mana
414 1577 501 1630 a'rrna
527 1567 671 1632 Volcano
697 1569 919 1652 promiserant.
956 1553 1108 1632 aliorsum
1134 1582 1218 1658 *uota
1243 1570 1427 1633 cecidenmt
1434 1596 1442 1645 3

294 1674 396 1737 occiso
413 1673 499 1736 enim
514 1692 587 1757 rege
601 1673 774 1738 Marcellus
796 1675 890 1738 tertia
912 1685 984 1757 post
1008 1675 1187 1738 Romulum
1207 1687 1331 1757 patrem
1352 1677 1445 1737 Fere-

294 1780 353 1842 trio
370 1779 442 1843 Ioui
459 1778 565 1860 opima
580 1779 757 1863 suspendit.
1368 1787 1372 1792 ’

497 2053 499 2057 ’
575 2085 675 2148 xxr.
701 2084 886 2151 snnrvn
903 2057 1173 2150 retrmcv'n.

210 2371 249 2425 11,
266 2340 401 2424 slllyrir’
417 2361 473 2402 seu
494 2339 630 2404 Liburni
651 2341 711 2403 sub
733 2338 883 2402 extremis
902 2338 1038 2420 Alpium
1058 2337 1218 2401 radicibus
1241 2349 1344 2421 agunt
1364 2339 1449 2401 inter
1470 2351 1502 2400 15

295 2448 424 2510 Arsiam
438 2445 625 2528 Titiumque
640 2447 774 2520 flumen,
791 2442 977 2526 longissime
992 2464 1048 2525 per
1060 2452 1165 2504 totum
1176 2443 1338 2506 Hadriani
1352 2445 1450 2508 maris

295 2554 373 2616 litus
385 2551 487 2615 effusi.
506 2549 541 2613 hi
552 2561 706 2634 regnante
719 2551 867 2612 Teutana
877 2547 1011 2610 muliere
1022 2547 1286 2631 populationibus
1298 2572 1364 2613 non
1375 2572 1450 2613 con·

296 2659 378 2722 tenti
393 2657 543 2719 licentiae
558 2657 661 2718 scelus
678 2654 881 2718 addiderunt.
906 2653 1029 2736 legatos
1045 2653 1163 2737 quippe
1184 2667 1327 2732 nostros,
1352 2658 1393 2718 ob
1414 2678 1452 2720 ea

297 2784 377 2845 quae
393 2761 592 2841 deliquerant
606 2761 675 2823 iure
692 2770 841 2842 agentes,
865 2780 907 2819 ne
927 2760 1035 2842 gladio
1058 2759 1206 2842 quidem,
1230 2764 1286 2823 sed
1306 2772 1344 2824 ut
1358 2761 1452 2824 uicti·

296 2889 364 2930 mas
380 2865 482 2928 securi
499 2865 696 2947 percutiunt,
717 2865 893 2947 praefectos
912 2867 1048 2928 nauium
1066 2865 1142 2948 igne
1161 2868 1374 2940 comburunt3
1403 2866 1451 2928 id·
1472 2878 1505 2927 20

298 2994 377 3060 que,
389 2992 451 3053 quo
466 2968 632 3052 indignius
647 2970 746 3045 foret,
777 2969 894 3033 mulier
916 2969 1097 3052 imperauit.
1127 2971 1237 3052 itaque
1260 2972 1354 3033 Gneo
1375 2971 1452 3033 Ful-

298 3078 352 3140 uio
368 3074 549 3140 Centimalo
562 3076 642 3136 duce
660 3075 725 3138 late
738 3077 920 3138 domantur.
943 3076 1072 3138 strictae
1088 3097 1212 3138 secures
1223 3076 1259 3137 in
1270 3075 1454 3157 principum

298 3183 381 3245 eolla
394 3182 574 3263 legatorum
588 3179 737 3244 manibus
752 3180 899 3242 litauere.

193 3529 201 3544 ·
303 3511 313 3558 1
330 3505 429 3576 quippe
442 3503 529 3554 uirtus
542 3519 635 3554 eorum
648 3501 719 3554 sicut
735 3501 821 3572 primo
835 3501 938 3571 impetu
949 3501 1035 3553 maior
1052 3514 1067 3553 1
1083 3503 1092 3572 Η
1110 3520 1192 3571 quam
1212 3500 1245 3542 -'
1262 3501 1352 3554 minor
1368 3519 1410 3553 om
1427 3513 1455 3565 B,

301 3593 354 3644 add
370 3609 387 3643 a
399 3594 414 3642 2
427 3605 509 3640 manu
521 3588 531 3658 ΗΗ
544 3591 558 3640 2
572 3588 701 3640 humente
712 3599 732 3639 B
745 3587 753 3656 ΗΗ
767 3589 781 3638 3
801 3603 863 3638 eum
875 3603 939 3638 mox
951 3597 978 3649 Ι,
1001 3603 1070 3655 quae
1082 3603 1148 3638 mox
1159 3597 1184 3637 Ν
1194 3587 1203 3656 ΗΗ
1217 3587 1365 3639 5lacunam
1377 3585 1458 3655 siqni-

293 3674 385 3746 fleant
394 3671 517 3741 Hauptio
529 3677 644 3724 auctme.
660 3672 668 3742 ΗΗ
682 3671 828 3723 britomaro
837 3680 866 3722 ’Ν
875 3670 885 3742 ΗΗ
898 3671 1062 3724 esurituros
1074 3683 1099 3723 Ν
1110 3671 1119 3741 ΗΗ
1132 3676 1146 3722 7
1160 3671 1262 3724 factum
1274 3678 1365 3724 autem
1378 3677 1420 3722 est
1431 3676 1459 3721 et

301 3761 390 3813 uictos
403 3775 449 3810 eos
461 3771 477 3811 Ι
487 3758 495 3828 ΗΗ
509 3757 641 3810 aemulius
652 3769 678 3808 Ν
694 3756 702 3826 ΗΗ
724 3755 854 3808 discinxit
869 3761 898 3806 et
914 3755 989 3823 quod
1001 3753 1057 3807 dux
1077 3771 1170 3808 eorum
1183 3756 1217 3808 de
1240 3752 1353 3814 romano
1373 3753 1459 3806 milite

302 3844 429 3918 praedam
446 3843 526 3894 marti
546 3859 595 3894 suo
609 3847 731 3910 torquem
751 3855 863 3892 aureum
881 3838 1037 3892 denotasset
1057 3839 1201 3910 intercepit
1211 3841 1246 3908 [Η
1260 3843 1276 3891 8
1289 3839 1417 3907 ariobisto
1428 3851 1457 3902 B,

303 3927 419 3981 arionita
431 3939 455 3980 Ν
466 3929 474 3998 ΗΗ
487 3931 503 3980 9
516 3927 590 3979 etde
603 3927 661 3979 eius
673 3926 759 3996 ipsius
777 3923 950 3978 ariobistonis
967 3924 1187 3994 reliquorumque
1206 3923 1340 3992 gallorum
1356 3921 1460 3992 torqui-

303 4014 355 4066 bus
368 4030 478 4065 aureum
489 4025 505 4065 1
516 4011 524 4082 ΗΗ
540 4015 571 4063 10
584 4010 746 4064 flamminius
758 4023 793 4064 131
804 4011 812 4080 ΗΗ
825 4028 873 4063 rex
886 4029 995 4081 quoque
1007 4028 1100 4064 eorum
1112 4010 1292 4062 uiridomarus
1302 4016 1415 4060 romana
1426 4035 1461 4046 -

304 4095 463 4171 promiserat
480 4096 515 4166 ΙΗ
537 4099 565 4151 11
581 4097 728 4149 uuloanoB
747 4095 756 4164 ΗΗ
778 4099 808 4148 13
825 4097 882 4148 ioui
901 4113 975 4148 arma
993 4094 1135 4164 suspendit
1151 4105 1175 4146 Ν
1186 4093 1196 4162 ΗΗ
1219 4097 1250 4146 15
1263 4092 1338 4146 illirii
1348 4105 1368 4145 B
1381 4092 1391 4162 Η
1403 4091 1463 4162 illy-

305 4199 348 4234 res
367 4189 457 4234 autem
476 4183 505 4234 id
524 4188 566 4234 est
577 4182 670 4234 ueneti
682 4197 730 4234 seu
747 4180 897 4234 libumesz
913 4180 922 4250 ΗΗ
941 4180 1040 4250 lybirni
1057 4190 1083 4231 Ν
1092 4179 1101 4249 Η
1117 4182 1148 4231 16
1166 4177 1343 4246 titullumque
1353 4177 1463 4241 atita-

306 4268 416 4334 lumque
441 4266 476 4335 ΙΗ
490 4265 647 4336 longissime
666 4266 766 4318 flumen
783 4265 824 4334 ΒΗ
837 4265 942 4317 adriani
959 4275 994 4316 Β]
1003 4265 1014 4333 ΗΗ
1027 4264 1177 4331 imperabat
1193 4275 1232 4317 ΙΝ
1242 4265 1251 4334 ΗΗ
1264 4267 1296 4316 22
1315 4262 1463 4333 gentimalo

306 4365 340 4404 Β]
352 4354 360 4422 Η
374 4351 481 4405 strictae
494 4352 522 4404 in
535 4351 687 4420 principum
700 4350 769 4402 coila
781 4367 888 4402 secures
899 4361 925 4401 Ν
935 4349 944 4418 ΗΗ
971 4409 976 4418 p
