<?xml version="1.0" encoding="UTF-8"?>
<!DOCTYPE html PUBLIC "-//W3C//DTD XHTML 1.0 Transitional//EN"
    "http://www.w3.org/TR/xhtml1/DTD/xhtml1-transitional.dtd">
<html xmlns="http://www.w3.org/1999/xhtml" xml:lang="en" lang="en">
 <head>
  <title>
</title>
<meta http-equiv="Content-Type" content="text/html;charset=utf-8" />
  <meta name='ocr-system' content='tesseract 3.04.00' />
  <meta name='ocr-capabilities' content='ocr_page ocr_carea ocr_par ocr_line ocrx_word'/>
</head>
<body>
  <div class='ocr_page' id='page_1' title='image "./ivlifloriepitom00jahngoog_0076.png"; bbox 0 0 3300 5084; ppageno 0'>
   <div class='ocr_carea' id='block_1_1' title="bbox 292 356 975 416">
    <p class='ocr_par' dir='ltr' id='par_1_1' title="bbox 292 356 975 416">
     <span class='ocr_line' id='line_1_1' title="bbox 292 356 975 416; baseline -0.009 0"><span class='ocrx_word' id='word_1_1' title='bbox 292 356 332 416; x_wconf 89' lang='grc'><strong>22</strong></span> <span class='ocrx_word' id='word_1_2' title='bbox 791 370 862 413; x_wconf 78' lang='lat' dir='ltr'><strong>ivm</strong></span> <span class='ocrx_word' id='word_1_3' title='bbox 877 369 975 414; x_wconf 80' lang='lat' dir='ltr'><strong>raom</strong></span> 
     </span>
    </p>
   </div>
   <div class='ocr_carea' id='block_1_2' title="bbox 208 501 1480 1120">
    <p class='ocr_par' dir='ltr' id='par_1_2' title="bbox 214 493 1480 794">
     <span class='ocr_line' id='line_1_2' title="bbox 214 501 1480 606; baseline -0.007 -21"><span class='ocrx_word' id='word_1_4' title='bbox 214 501 218 510; x_wconf 39' lang='lat'>⁵</span> <span class='ocrx_word' id='word_1_5' title='bbox 252 503 256 510; x_wconf 41' lang='lat'>¹</span> <span class='ocrx_word' id='word_1_6' title='bbox 292 542 417 606; x_wconf 83' lang='lat' dir='ltr'><strong>gressus</strong></span> <span class='ocrx_word' id='word_1_7' title='bbox 440 531 487 582; x_wconf 87' lang='lat' dir='ltr'><strong>cst</strong></span> <span class='ocrx_word' id='word_1_8' title='bbox 516 519 679 601; x_wconf 88' lang='lat' dir='ltr'><strong>captisque</strong></span> <span class='ocrx_word' id='word_1_9' title='bbox 706 515 921 598; x_wconf 90' lang='lat' dir='ltr'><strong>superioribus</strong></span> <span class='ocrx_word' id='word_1_10' title='bbox 940 516 1026 599; x_wconf 86' lang='lat' dir='ltr'><strong>iugis</strong></span> <span class='ocrx_word' id='word_1_11' title='bbox 1047 517 1083 577; x_wconf 91' lang='lat' dir='ltr'><strong>in</strong></span> <span class='ocrx_word' id='word_1_12' title='bbox 1106 516 1264 578; x_wconf 86' lang='lat' dir='ltr'><strong>subiectos</strong></span> <span class='ocrx_word' id='word_1_13' title='bbox 1285 537 1345 577; x_wconf 89' lang='lat' dir='ltr'><strong>suc</strong></span> <span class='ocrx_word' id='word_1_14' title='bbox 1365 536 1435 576; x_wconf 83' lang='lat' dir='ltr'><strong>rure</strong></span> <span class='ocrx_word' id='word_1_15' title='bbox 1456 515 1480 575; x_wconf 92' lang='lat' dir='ltr'><em>I</em></span> 
     </span>
     <span class='ocr_line' id='line_1_3' title="bbox 295 608 1436 710; baseline -0.01 -20"><span class='ocrx_word' id='word_1_16' title='bbox 295 625 452 693; x_wconf 80' lang='lat' dir='ltr'><strong>detonuit.</strong></span> <span class='ocrx_word' id='word_1_17' title='bbox 480 645 518 686; x_wconf 89' lang='lat' dir='ltr'><strong>ea</strong></span> <span class='ocrx_word' id='word_1_18' title='bbox 531 633 669 705; x_wconf 88' lang='lat' dir='ltr'><strong>namque</strong></span> <span class='ocrx_word' id='word_1_19' title='bbox 685 621 804 702; x_wconf 88' lang='lat' dir='ltr'><strong>species</strong></span> <span class='ocrx_word' id='word_1_20' title='bbox 819 620 883 685; x_wconf 91' lang='lat' dir='ltr'><strong>fuit</strong></span> <span class='ocrx_word' id='word_1_21' title='bbox 896 621 984 684; x_wconf 92' lang='lat' dir='ltr'><strong>illius</strong></span> <span class='ocrx_word' id='word_1_22' title='bbox 999 621 1088 696; x_wconf 91' lang='lat' dir='ltr'><strong>belli,</strong></span> <span class='ocrx_word' id='word_1_23' title='bbox 1106 620 1197 703; x_wconf 89' lang='lat' dir='ltr'><strong>quasi</strong></span> <span class='ocrx_word' id='word_1_24' title='bbox 1212 620 1247 710; x_wconf 85' lang='lat' dir='ltr'><strong>in</strong></span> <span class='ocrx_word' id='word_1_25' title='bbox 1262 608 1436 700; x_wconf 86' lang='lat' dir='ltr'><strong>terrigenas</strong></span> 
     </span>
     <span class='ocr_line' id='line_1_4' title="bbox 293 721 1440 794; baseline -0.007 -2"><span class='ocrx_word' id='word_1_26' title='bbox 293 731 420 794; x_wconf 89' lang='lat' dir='ltr'><strong>ecaelo</strong></span> <span class='ocrx_word' id='word_1_27' title='bbox 443 751 479 793; x_wconf 92' lang='lat' dir='ltr'><strong>ac</strong></span> <span class='ocrx_word' id='word_1_28' title='bbox 501 727 641 792; x_wconf 90' lang='lat' dir='ltr'><strong>nubibus</strong></span> <span class='ocrx_word' id='word_1_29' title='bbox 667 727 732 790; x_wconf 90' lang='lat' dir='ltr'><strong>tela</strong></span> <span class='ocrx_word' id='word_1_30' title='bbox 756 725 945 790; x_wconf 80' lang='lat' dir='ltr'><strong>iacerentrn.</strong></span> <span class='ocrx_word' id='word_1_31' title='bbox 970 747 1030 787; x_wconf 89' lang='lat' dir='ltr'><strong>nec</strong></span> <span class='ocrx_word' id='word_1_32' title='bbox 1055 726 1224 788; x_wconf 88' lang='lat' dir='ltr'><strong>incruenta</strong></span> <span class='ocrx_word' id='word_1_33' title='bbox 1248 734 1357 786; x_wconf 86' lang='lat' dir='ltr'><strong>tamen</strong></span> <span class='ocrx_word' id='word_1_34' title='bbox 1381 721 1440 794; x_wconf 83' lang='lat' dir='ltr'><strong>illa</strong></span> 
     </span>
    </p>

    <p class='ocr_par' dir='ltr' id='par_1_3' title="bbox 208 815 1473 1120">
     <span class='ocr_line' id='line_1_5' title="bbox 208 815 1438 914; baseline -0.009 -16"><span class='ocrx_word' id='word_1_35' title='bbox 208 870 210 874; x_wconf 31' lang='grc' dir='ltr'><em>ν</em></span> <span class='ocrx_word' id='word_1_36' title='bbox 293 815 438 898; x_wconf 75' lang='lat' dir='ltr'><strong>uictoria.</strong></span> <span class='ocrx_word' id='word_1_37' title='bbox 463 855 540 898; x_wconf 84' lang='lat' dir='ltr'><strong>nam</strong></span> <span class='ocrx_word' id='word_1_38' title='bbox 559 852 727 914; x_wconf 87' lang='lat' dir='ltr'><strong>oppressus</strong></span> <span class='ocrx_word' id='word_1_39' title='bbox 749 831 784 895; x_wconf 88' lang='lat' dir='ltr'><strong>in</strong></span> <span class='ocrx_word' id='word_1_40' title='bbox 807 830 885 894; x_wconf 87' lang='lat' dir='ltr'><strong>sinu</strong></span> <span class='ocrx_word' id='word_1_41' title='bbox 902 829 997 892; x_wconf 88' lang='lat' dir='ltr'><strong>uallis</strong></span> <span class='ocrx_word' id='word_1_42' title='bbox 1024 831 1105 892; x_wconf 88' lang='lat' dir='ltr'><strong>alter</strong></span> <span class='ocrx_word' id='word_1_43' title='bbox 1124 829 1295 891; x_wconf 89' lang='lat' dir='ltr'><strong>consulum</strong></span> <span class='ocrx_word' id='word_1_44' title='bbox 1318 825 1438 888; x_wconf 83' lang='lat' dir='ltr'>Decius</span> 
     </span>
     <span class='ocr_line' id='line_1_6' title="bbox 294 933 1473 1020; baseline -0.008 -18"><span class='ocrx_word' id='word_1_45' title='bbox 294 961 381 1002; x_wconf 89' lang='lat' dir='ltr'><strong>more</strong></span> <span class='ocrx_word' id='word_1_46' title='bbox 395 938 499 1020; x_wconf 87' lang='lat' dir='ltr'><strong>patrio</strong></span> <span class='ocrx_word' id='word_1_47' title='bbox 515 939 668 1002; x_wconf 88' lang='lat' dir='ltr'><strong>deuotum</strong></span> <span class='ocrx_word' id='word_1_48' title='bbox 690 934 739 999; x_wconf 87' lang='lat' dir='ltr'><strong>dis</strong></span> <span class='ocrx_word' id='word_1_49' title='bbox 760 934 909 998; x_wconf 88' lang='lat' dir='ltr'><strong>manibus</strong></span> <span class='ocrx_word' id='word_1_50' title='bbox 925 934 1043 1016; x_wconf 84' lang='lat' dir='ltr'><strong>optulit</strong></span> <span class='ocrx_word' id='word_1_51' title='bbox 1056 939 1178 1015; x_wconf 83' lang='lat' dir='ltr'><strong>caput,&#39;</strong></span> <span class='ocrx_word' id='word_1_52' title='bbox 1189 933 1438 1012; x_wconf 79' lang='lat' dir='ltr'>sollemnemque</span> <span class='ocrx_word' id='word_1_53' title='bbox 1458 941 1473 990; x_wconf 77' lang='lat' dir='ltr'><strong>a</strong></span> 
     </span>
     <span class='ocr_line' id='line_1_7' title="bbox 295 1029 1325 1120; baseline -0.006 -16"><span class='ocrx_word' id='word_1_54' title='bbox 295 1043 434 1109; x_wconf 85' lang='lat' dir='ltr'><strong>familiae</strong></span> <span class='ocrx_word' id='word_1_55' title='bbox 448 1064 525 1106; x_wconf 88' lang='lat' dir='ltr'><strong>suae</strong></span> <span class='ocrx_word' id='word_1_56' title='bbox 540 1041 810 1112; x_wconf 76' lang='lat' dir='ltr'><strong>consecrationem</strong></span> <span class='ocrx_word' id='word_1_57' title='bbox 824 1040 861 1102; x_wconf 92' lang='lat' dir='ltr'><strong>in</strong></span> <span class='ocrx_word' id='word_1_58' title='bbox 874 1039 1027 1105; x_wconf 81' lang='lat' dir='ltr'><strong>uictoriae</strong></span> <span class='ocrx_word' id='word_1_59' title='bbox 1036 1029 1180 1120; x_wconf 52' lang='lat' dir='ltr'><strong>&#39;pretium</strong></span> <span class='ocrx_word' id='word_1_60' title='bbox 1192 1036 1325 1120; x_wconf 82' lang='lat' dir='ltr'>redegit.</span> 
     </span>
    </p>
   </div>
   <div class='ocr_carea' id='block_1_3' title="bbox 550 1265 1193 1402">
    <p class='ocr_par' dir='ltr' id='par_1_4' title="bbox 550 1265 1193 1402">
     <span class='ocr_line' id='line_1_8' title="bbox 550 1265 1193 1402; baseline -0.003 -32"><span class='ocrx_word' id='word_1_61' title='bbox 550 1307 653 1370; x_wconf 85' lang='lat' dir='ltr'><strong>xm.</strong></span> <span class='ocrx_word' id='word_1_62' title='bbox 678 1265 862 1370; x_wconf 81' lang='lat' dir='ltr'><strong>annnvn</strong></span> <span class='ocrx_word' id='word_1_63' title='bbox 878 1303 1193 1402; x_wconf 73' lang='lat' dir='ltr'><strong>rannurruvu,</strong></span> 
     </span>
    </p>
   </div>
   <div class='ocr_carea' id='block_1_4' title="bbox 108 1505 1496 3672">
    <p class='ocr_par' dir='ltr' id='par_1_5' title="bbox 108 1505 1496 3672">
     <span class='ocr_line' id='line_1_9' title="bbox 108 1505 1438 1592; baseline -0.007 -17"><span class='ocrx_word' id='word_1_64' title='bbox 108 1556 111 1565; x_wconf 79' lang='lat'><em>,</em></span> <span class='ocrx_word' id='word_1_65' title='bbox 181 1561 184 1564; x_wconf 86' lang='lat'>-</span> <span class='ocrx_word' id='word_1_66' title='bbox 241 1514 279 1575; x_wconf 91' lang='grc'><strong>18</strong></span> <span class='ocrx_word' id='word_1_67' title='bbox 298 1509 449 1592; x_wconf 83' lang='lat' dir='ltr'><strong>Sequitur</strong></span> <span class='ocrx_word' id='word_1_68' title='bbox 462 1509 584 1571; x_wconf 93' lang='lat' dir='ltr'><strong>bellum</strong></span> <span class='ocrx_word' id='word_1_69' title='bbox 599 1505 829 1584; x_wconf 85' lang='lat' dir='ltr'><strong>Tarentinum,</strong></span> <span class='ocrx_word' id='word_1_70' title='bbox 852 1530 955 1570; x_wconf 91' lang='lat' dir='ltr'><strong>unum</strong></span> <span class='ocrx_word' id='word_1_71' title='bbox 976 1507 1105 1591; x_wconf 90' lang='lat' dir='ltr'><strong>quidem</strong></span> <span class='ocrx_word' id='word_1_72' title='bbox 1126 1505 1221 1568; x_wconf 92' lang='lat' dir='ltr'><strong>titulo</strong></span> <span class='ocrx_word' id='word_1_73' title='bbox 1244 1516 1276 1567; x_wconf 90' lang='lat' dir='ltr'><strong>et</strong></span> <span class='ocrx_word' id='word_1_74' title='bbox 1296 1505 1438 1580; x_wconf 90' lang='lat' dir='ltr'><strong>nomine,</strong></span> 
     </span>
     <span class='ocr_line' id='line_1_10' title="bbox 298 1595 1437 1694; baseline -0.006 -18"><span class='ocrx_word' id='word_1_75' title='bbox 298 1625 346 1676; x_wconf 89' lang='lat' dir='ltr'><strong>set</strong></span> <span class='ocrx_word' id='word_1_76' title='bbox 361 1611 495 1675; x_wconf 91' lang='lat' dir='ltr'><strong>uictoria</strong></span> <span class='ocrx_word' id='word_1_77' title='bbox 514 1611 695 1694; x_wconf 85' lang='lat' dir='ltr'><strong>multiplex.</strong></span> <span class='ocrx_word' id='word_1_78' title='bbox 719 1613 780 1675; x_wconf 91' lang='lat' dir='ltr'><strong>hoc</strong></span> <span class='ocrx_word' id='word_1_79' title='bbox 801 1611 888 1675; x_wconf 90' lang='lat' dir='ltr'><strong>enim</strong></span> <span class='ocrx_word' id='word_1_80' title='bbox 910 1613 1089 1694; x_wconf 85' lang='lat' dir='ltr'><strong>Campanos</strong></span> <span class='ocrx_word' id='word_1_81' title='bbox 1112 1611 1235 1692; x_wconf 84' lang='lat' dir='ltr'><strong>Apulos</strong></span> <span class='ocrx_word' id='word_1_82' title='bbox 1255 1595 1350 1692; x_wconf 82' lang='lat' dir='ltr'><strong>atque</strong></span> <span class='ocrx_word' id='word_1_83' title='bbox 1372 1611 1437 1685; x_wconf 86' lang='lat' dir='ltr'><strong>Lu·</strong></span> 
     </span>
     <span class='ocr_line' id='line_1_11' title="bbox 298 1706 1492 1798; baseline -0.007 -18"><span class='ocrx_word' id='word_1_84' title='bbox 298 1741 392 1788; x_wconf 83' lang='lat' dir='ltr'><strong>canos</strong></span> <span class='ocrx_word' id='word_1_85' title='bbox 408 1727 440 1779; x_wconf 91' lang='lat' dir='ltr'><strong>et</strong></span> <span class='ocrx_word' id='word_1_86' title='bbox 455 1726 551 1798; x_wconf 90' lang='lat' dir='ltr'><strong>caput</strong></span> <span class='ocrx_word' id='word_1_87' title='bbox 564 1717 642 1779; x_wconf 92' lang='lat' dir='ltr'><strong>belli</strong></span> <span class='ocrx_word' id='word_1_88' title='bbox 670 1717 880 1792; x_wconf 87' lang='lat' dir='ltr'><strong>Tarentinos,</strong></span> <span class='ocrx_word' id='word_1_89' title='bbox 906 1706 940 1778; x_wconf 91' lang='lat' dir='ltr'><strong>id</strong></span> <span class='ocrx_word' id='word_1_90' title='bbox 961 1725 1009 1778; x_wconf 92' lang='lat' dir='ltr'><strong>est</strong></span> <span class='ocrx_word' id='word_1_91' title='bbox 1029 1725 1130 1778; x_wconf 90' lang='lat' dir='ltr'><strong>totam</strong></span> <span class='ocrx_word' id='word_1_92' title='bbox 1152 1715 1282 1778; x_wconf 90' lang='lat' dir='ltr'><strong>Italiam</strong></span> <span class='ocrx_word' id='word_1_93' title='bbox 1310 1725 1342 1776; x_wconf 90' lang='lat' dir='ltr'><strong>et</strong></span> <span class='ocrx_word' id='word_1_94' title='bbox 1364 1734 1439 1775; x_wconf 93' lang='lat' dir='ltr'><strong>cum</strong></span> <span class='ocrx_word' id='word_1_95' title='bbox 1460 1723 1492 1772; x_wconf 87' lang='lat'><strong>10</strong></span> 
     </span>
     <span class='ocr_line' id='line_1_12' title="bbox 296 1812 1440 1903; baseline -0.005 -19"><span class='ocrx_word' id='word_1_96' title='bbox 296 1822 347 1884; x_wconf 89' lang='lat' dir='ltr'><strong>his</strong></span> <span class='ocrx_word' id='word_1_97' title='bbox 363 1822 509 1884; x_wconf 91' lang='lat' dir='ltr'><strong>omnibus</strong></span> <span class='ocrx_word' id='word_1_98' title='bbox 525 1821 703 1903; x_wconf 88' lang='lat' dir='ltr'><strong>Pyrrhum,</strong></span> <span class='ocrx_word' id='word_1_99' title='bbox 721 1821 931 1883; x_wconf 88' lang='lat' dir='ltr'><strong>clarissimum</strong></span> <span class='ocrx_word' id='word_1_100' title='bbox 948 1819 1100 1884; x_wconf 77' lang='lat' dir='ltr'><strong>Graeciae</strong></span> <span class='ocrx_word' id='word_1_101' title='bbox 1114 1841 1240 1902; x_wconf 88' lang='lat' dir='ltr'><strong>regem,</strong></span> <span class='ocrx_word' id='word_1_102' title='bbox 1257 1828 1322 1880; x_wconf 81' lang='lat' dir='ltr'><strong>una</strong></span> <span class='ocrx_word' id='word_1_103' title='bbox 1337 1812 1440 1879; x_wconf 83' lang='lat' dir='ltr'><strong>ueluti</strong></span> 
     </span>
     <span class='ocr_line' id='line_1_13' title="bbox 297 1923 1439 2007; baseline -0.004 -20"><span class='ocrx_word' id='word_1_104' title='bbox 297 1926 390 1988; x_wconf 90' lang='lat' dir='ltr'><strong>ruina</strong></span> <span class='ocrx_word' id='word_1_105' title='bbox 404 1926 521 2007; x_wconf 89' lang='lat' dir='ltr'><strong>pariter</strong></span> <span class='ocrx_word' id='word_1_106' title='bbox 536 1924 687 1999; x_wconf 89' lang='lat' dir='ltr'><strong>inuoluit,</strong></span> <span class='ocrx_word' id='word_1_107' title='bbox 704 1933 741 1986; x_wconf 94' lang='lat' dir='ltr'><strong>ut</strong></span> <span class='ocrx_word' id='word_1_108' title='bbox 756 1925 867 1987; x_wconf 89' lang='lat' dir='ltr'><strong>ecdem</strong></span> <span class='ocrx_word' id='word_1_109' title='bbox 888 1936 1029 2006; x_wconf 89' lang='lat' dir='ltr'><strong>tempore</strong></span> <span class='ocrx_word' id='word_1_110' title='bbox 1050 1935 1082 1986; x_wconf 90' lang='lat' dir='ltr'><strong>et</strong></span> <span class='ocrx_word' id='word_1_111' title='bbox 1098 1923 1226 1987; x_wconf 92' lang='lat' dir='ltr'><strong>Italiam</strong></span> <span class='ocrx_word' id='word_1_112' title='bbox 1239 1943 1439 1985; x_wconf 88' lang='lat' dir='ltr'><strong>consumma-</strong></span> 
     </span>
     <span class='ocr_line' id='line_1_14' title="bbox 297 2027 1439 2118; baseline -0.005 -27"><span class='ocrx_word' id='word_1_113' title='bbox 297 2040 346 2092; x_wconf 90' lang='lat' dir='ltr'><strong>ret</strong></span> <span class='ocrx_word' id='word_1_114' title='bbox 362 2038 403 2118; x_wconf 22' lang='lat' dir='ltr'><strong>&#39;et</strong></span> <span class='ocrx_word' id='word_1_115' title='bbox 425 2028 653 2092; x_wconf 88' lang='lat' dir='ltr'><strong>transmarinos</strong></span> <span class='ocrx_word' id='word_1_116' title='bbox 676 2028 855 2109; x_wconf 86' lang='lat' dir='ltr'><strong>triumphos</strong></span> <span class='ocrx_word' id='word_1_117' title='bbox 881 2029 1108 2109; x_wconf 79' lang='lat' dir='ltr'><strong>auspicaretur.</strong></span> <span class='ocrx_word' id='word_1_118' title='bbox 1141 2029 1319 2101; x_wconf 87' lang='lat' dir='ltr'><strong>Tarentus,</strong></span> <span class='ocrx_word' id='word_1_119' title='bbox 1343 2027 1439 2088; x_wconf 91' lang='lat' dir='ltr'><strong>Lace-</strong></span> 
     </span>
     <span class='ocr_line' id='line_1_15' title="bbox 298 2129 1441 2212; baseline -0.004 -18"><span class='ocrx_word' id='word_1_120' title='bbox 298 2132 536 2197; x_wconf 89' lang='lat' dir='ltr'><strong>daemoniorum</strong></span> <span class='ocrx_word' id='word_1_121' title='bbox 551 2153 642 2212; x_wconf 89' lang='lat' dir='ltr'><strong>opus,</strong></span> <span class='ocrx_word' id='word_1_122' title='bbox 660 2131 824 2193; x_wconf 82' lang='lat' dir='ltr'><strong>Calabriae</strong></span> <span class='ocrx_word' id='word_1_123' title='bbox 839 2131 1001 2212; x_wconf 91' lang='lat' dir='ltr'><strong>quondam</strong></span> <span class='ocrx_word' id='word_1_124' title='bbox 1012 2140 1043 2192; x_wconf 91' lang='lat' dir='ltr'><strong>et</strong></span> <span class='ocrx_word' id='word_1_125' title='bbox 1053 2131 1191 2211; x_wconf 86' lang='lat' dir='ltr'><strong>Apuliae</strong></span> <span class='ocrx_word' id='word_1_126' title='bbox 1201 2129 1362 2211; x_wconf 88' lang='lat' dir='ltr'><strong>totiusque</strong></span> <span class='ocrx_word' id='word_1_127' title='bbox 1377 2131 1441 2190; x_wconf 92' lang='lat' dir='ltr'><strong>Lu-</strong></span> 
     </span>
     <span class='ocr_line' id='line_1_16' title="bbox 299 2227 1494 2316; baseline -0.003 -19"><span class='ocrx_word' id='word_1_128' title='bbox 299 2235 407 2298; x_wconf 90' lang='lat' dir='ltr'><strong>caniae</strong></span> <span class='ocrx_word' id='word_1_129' title='bbox 423 2245 537 2316; x_wconf 89' lang='lat' dir='ltr'><strong>caput,</strong></span> <span class='ocrx_word' id='word_1_130' title='bbox 554 2256 628 2316; x_wconf 80' lang='lat' dir='ltr'><strong>erun</strong></span> <span class='ocrx_word' id='word_1_131' title='bbox 642 2234 866 2316; x_wconf 81' lang='lat' dir='ltr'><strong>magnitudine</strong></span> <span class='ocrx_word' id='word_1_132' title='bbox 880 2244 913 2297; x_wconf 92' lang='lat' dir='ltr'><strong>et</strong></span> <span class='ocrx_word' id='word_1_133' title='bbox 925 2234 1026 2297; x_wconf 86' lang='lat' dir='ltr'><strong>muris</strong></span> <span class='ocrx_word' id='word_1_134' title='bbox 1040 2244 1197 2315; x_wconf 90' lang='lat' dir='ltr'><strong>portuque</strong></span> <span class='ocrx_word' id='word_1_135' title='bbox 1210 2227 1347 2308; x_wconf 91' lang='lat' dir='ltr'><strong>nobilis,</strong></span> <span class='ocrx_word' id='word_1_136' title='bbox 1371 2242 1442 2295; x_wconf 89' lang='lat' dir='ltr'><strong>tum</strong></span> <span class='ocrx_word' id='word_1_137' title='bbox 1462 2244 1494 2294; x_wconf 80' lang='lat'><strong>15</strong></span> 
     </span>
     <span class='ocr_line' id='line_1_17' title="bbox 299 2336 1494 2421; baseline -0.008 -19"><span class='ocrx_word' id='word_1_138' title='bbox 299 2339 452 2402; x_wconf 86' lang='lat' dir='ltr'><strong>mirabilis</strong></span> <span class='ocrx_word' id='word_1_139' title='bbox 468 2339 543 2401; x_wconf 87' lang='lat' dir='ltr'><strong>situ.</strong></span> <span class='ocrx_word' id='word_1_140' title='bbox 575 2339 692 2421; x_wconf 91' lang='lat' dir='ltr'><strong>quippe</strong></span> <span class='ocrx_word' id='word_1_141' title='bbox 714 2337 749 2400; x_wconf 92' lang='lat' dir='ltr'><strong>in</strong></span> <span class='ocrx_word' id='word_1_142' title='bbox 772 2337 850 2420; x_wconf 91' lang='lat' dir='ltr'><strong>ipsis</strong></span> <span class='ocrx_word' id='word_1_143' title='bbox 872 2338 1032 2401; x_wconf 89' lang='lat' dir='ltr'><strong>Hadriani</strong></span> <span class='ocrx_word' id='word_1_144' title='bbox 1053 2338 1149 2400; x_wconf 89' lang='lat' dir='ltr'><strong>maris</strong></span> <span class='ocrx_word' id='word_1_145' title='bbox 1172 2338 1317 2400; x_wconf 86' lang='lat' dir='ltr'><strong>faucibus</strong></span> <span class='ocrx_word' id='word_1_146' title='bbox 1338 2336 1444 2418; x_wconf 88' lang='lat' dir='ltr'><strong>posita</strong></span> <span class='ocrx_word' id='word_1_147' title='bbox 1487 2389 1494 2393; x_wconf 85' lang='grc'><strong><em>,</em></strong></span> 
     </span>
     <span class='ocr_line' id='line_1_18' title="bbox 298 2428 1458 2526; baseline -0.002 -20"><span class='ocrx_word' id='word_1_148' title='bbox 298 2445 334 2507; x_wconf 90' lang='lat' dir='ltr'><strong>in</strong></span> <span class='ocrx_word' id='word_1_149' title='bbox 351 2443 453 2506; x_wconf 88' lang='lat' dir='ltr'><strong>omnis</strong></span> <span class='ocrx_word' id='word_1_150' title='bbox 470 2453 587 2518; x_wconf 85' lang='lat' dir='ltr'><strong>terras,</strong></span> <span class='ocrx_word' id='word_1_151' title='bbox 612 2443 772 2506; x_wconf 77' lang='lat' dir='ltr'><strong>Histriam</strong></span> <span class='ocrx_word' id='word_1_152' title='bbox 791 2435 959 2526; x_wconf 87' lang='lat' dir='ltr'><strong>Illyricum</strong></span> <span class='ocrx_word' id='word_1_153' title='bbox 979 2443 1101 2524; x_wconf 86' lang='lat' dir='ltr'><strong>Epiron</strong></span> <span class='ocrx_word' id='word_1_154' title='bbox 1121 2428 1278 2507; x_wconf 69' lang='lat' dir='ltr'><strong>Achaiam</strong></span> <span class='ocrx_word' id='word_1_155' title='bbox 1300 2441 1458 2522; x_wconf 36' lang='lat' dir='ltr'><strong>Atinam,</strong></span> 
     </span>
     <span class='ocr_line' id='line_1_19' title="bbox 301 2545 1441 2629; baseline -0.004 -17"><span class='ocrx_word' id='word_1_156' title='bbox 301 2549 445 2613; x_wconf 86' lang='lat' dir='ltr'><strong>Siciliam</strong></span> <span class='ocrx_word' id='word_1_157' title='bbox 458 2549 532 2611; x_wconf 88' lang='lat' dir='ltr'><strong>uela</strong></span> <span class='ocrx_word' id='word_1_158' title='bbox 553 2547 697 2610; x_wconf 87' lang='lat' dir='ltr'><strong>dimittit.</strong></span> <span class='ocrx_word' id='word_1_159' title='bbox 722 2547 870 2613; x_wconf 86' lang='lat' dir='ltr'><strong>imminet</strong></span> <span class='ocrx_word' id='word_1_160' title='bbox 883 2547 992 2629; x_wconf 89' lang='lat' dir='ltr'><strong>portui</strong></span> <span class='ocrx_word' id='word_1_161' title='bbox 1005 2549 1046 2609; x_wconf 93' lang='lat' dir='ltr'><strong>ad</strong></span> <span class='ocrx_word' id='word_1_162' title='bbox 1060 2558 1264 2629; x_wconf 88' lang='lat' dir='ltr'><strong>prospectum</strong></span> <span class='ocrx_word' id='word_1_163' title='bbox 1277 2545 1374 2608; x_wconf 88' lang='lat' dir='ltr'><strong>maris</strong></span> <span class='ocrx_word' id='word_1_164' title='bbox 1385 2567 1441 2627; x_wconf 91' lang='lat' dir='ltr'><strong>po-</strong></span> 
     </span>
     <span class='ocr_line' id='line_1_20' title="bbox 301 2650 1443 2734; baseline -0.005 -16"><span class='ocrx_word' id='word_1_165' title='bbox 301 2655 399 2718; x_wconf 87' lang='lat' dir='ltr'><strong>sitnrn</strong></span> <span class='ocrx_word' id='word_1_166' title='bbox 410 2654 586 2728; x_wconf 86' lang='lat' dir='ltr'><strong>theatrum,</strong></span> <span class='ocrx_word' id='word_1_167' title='bbox 603 2652 688 2734; x_wconf 91' lang='lat' dir='ltr'><strong>quod</strong></span> <span class='ocrx_word' id='word_1_168' title='bbox 700 2651 829 2734; x_wconf 91' lang='lat' dir='ltr'><strong>quidem</strong></span> <span class='ocrx_word' id='word_1_169' title='bbox 840 2673 936 2715; x_wconf 88' lang='lat' dir='ltr'><strong>causa</strong></span> <span class='ocrx_word' id='word_1_170' title='bbox 944 2651 1080 2713; x_wconf 85' lang='lat' dir='ltr'><strong>miserae</strong></span> <span class='ocrx_word' id='word_1_171' title='bbox 1090 2651 1215 2714; x_wconf 90' lang='lat' dir='ltr'><strong>ciuitati</strong></span> <span class='ocrx_word' id='word_1_172' title='bbox 1225 2650 1288 2713; x_wconf 86' lang='lat' dir='ltr'><strong>fuit</strong></span> <span class='ocrx_word' id='word_1_173' title='bbox 1299 2651 1443 2714; x_wconf 90' lang='lat' dir='ltr'><strong>omnium</strong></span> 
     </span>
     <span class='ocr_line' id='line_1_21' title="bbox 300 2751 1496 2837; baseline -0.003 -17"><span class='ocrx_word' id='word_1_174' title='bbox 300 2751 541 2822; x_wconf 84' lang='lat' dir='ltr'><strong>calamitatium.</strong></span> <span class='ocrx_word' id='word_1_175' title='bbox 571 2757 663 2818; x_wconf 86' lang='lat' dir='ltr'><strong>ludos</strong></span> <span class='ocrx_word' id='word_1_176' title='bbox 684 2756 764 2818; x_wconf 80' lang='lat' dir='ltr'><strong>forte</strong></span> <span class='ocrx_word' id='word_1_177' title='bbox 784 2757 981 2830; x_wconf 88' lang='lat' dir='ltr'><strong>celebrabat,</strong></span> <span class='ocrx_word' id='word_1_178' title='bbox 999 2771 1080 2817; x_wconf 74' lang='lat' dir='ltr'><strong>‘cum</strong></span> <span class='ocrx_word' id='word_1_179' title='bbox 1102 2755 1335 2837; x_wconf 82' lang='lat' dir='ltr'><strong>adremigantes</strong></span> <span class='ocrx_word' id='word_1_180' title='bbox 1356 2754 1443 2818; x_wconf 91' lang='lat' dir='ltr'><strong>litori</strong></span> <span class='ocrx_word' id='word_1_181' title='bbox 1463 2765 1496 2816; x_wconf 82' lang='grc'>20</span> 
     </span>
     <span class='ocr_line' id='line_1_22' title="bbox 300 2857 1441 2942; baseline -0.004 -19"><span class='ocrx_word' id='word_1_182' title='bbox 300 2863 463 2923; x_wconf 86' lang='lat' dir='ltr'><strong>Romanas</strong></span> <span class='ocrx_word' id='word_1_183' title='bbox 479 2861 595 2922; x_wconf 82' lang='lat' dir='ltr'><strong>classes</strong></span> <span class='ocrx_word' id='word_1_184' title='bbox 609 2859 733 2934; x_wconf 90' lang='lat' dir='ltr'><strong>uident,</strong></span> <span class='ocrx_word' id='word_1_185' title='bbox 751 2871 847 2942; x_wconf 91' lang='lat' dir='ltr'><strong>atque</strong></span> <span class='ocrx_word' id='word_1_186' title='bbox 860 2860 987 2922; x_wconf 89' lang='lat' dir='ltr'><strong>hostem</strong></span> <span class='ocrx_word' id='word_1_187' title='bbox 1000 2859 1062 2921; x_wconf 87' lang='lat' dir='ltr'><strong>rati</strong></span> <span class='ocrx_word' id='word_1_188' title='bbox 1076 2860 1231 2934; x_wconf 86' lang='lat' dir='ltr'><strong>emicant,</strong></span> <span class='ocrx_word' id='word_1_189' title='bbox 1249 2859 1318 2921; x_wconf 91' lang='lat' dir='ltr'><strong>sine</strong></span> <span class='ocrx_word' id='word_1_190' title='bbox 1332 2857 1441 2920; x_wconf 88' lang='lat' dir='ltr'><strong>discri-</strong></span> 
     </span>
     <span class='ocr_line' id='line_1_23' title="bbox 300 2962 1442 3045; baseline -0.004 -19"><span class='ocrx_word' id='word_1_191' title='bbox 300 2963 386 3026; x_wconf 90' lang='lat' dir='ltr'><strong>mine</strong></span> <span class='ocrx_word' id='word_1_192' title='bbox 401 2963 569 3026; x_wconf 90' lang='lat' dir='ltr'><strong>insultant.</strong></span> <span class='ocrx_word' id='word_1_193' title='bbox 594 2962 650 3045; x_wconf 92' lang='lat' dir='ltr'><strong>qui</strong></span> <span class='ocrx_word' id='word_1_194' title='bbox 665 2963 752 3025; x_wconf 89' lang='lat' dir='ltr'><strong>enim</strong></span> <span class='ocrx_word' id='word_1_195' title='bbox 780 2974 838 3026; x_wconf 91' lang='lat' dir='ltr'><strong>aut</strong></span> <span class='ocrx_word' id='word_1_196' title='bbox 858 2965 944 3026; x_wconf 92' lang='lat' dir='ltr'><strong>unde</strong></span> <span class='ocrx_word' id='word_1_197' title='bbox 965 2962 1123 3026; x_wconf 75' lang='lat' dir='ltr'><strong>Romanii</strong></span> <span class='ocrx_word' id='word_1_198' title='bbox 1145 2984 1205 3025; x_wconf 89' lang='lat' dir='ltr'><strong>nec</strong></span> <span class='ocrx_word' id='word_1_199' title='bbox 1219 2962 1307 3024; x_wconf 90' lang='lat' dir='ltr'><strong>satis.</strong></span> <span class='ocrx_word' id='word_1_200' title='bbox 1332 2963 1442 3023; x_wconf 90' lang='lat' dir='ltr'><strong>aderat</strong></span> 
     </span>
     <span class='ocr_line' id='line_1_24' title="bbox 299 3066 1442 3150; baseline -0.005 -18"><span class='ocrx_word' id='word_1_201' title='bbox 299 3069 368 3132; x_wconf 88' lang='lat' dir='ltr'><strong>sine</strong></span> <span class='ocrx_word' id='word_1_202' title='bbox 383 3089 472 3132; x_wconf 87' lang='lat' dir='ltr'><strong>mora</strong></span> <span class='ocrx_word' id='word_1_203' title='bbox 485 3068 659 3150; x_wconf 85' lang='lat' dir='ltr'><strong>querellam</strong></span> <span class='ocrx_word' id='word_1_204' title='bbox 672 3068 776 3130; x_wconf 86' lang='lat' dir='ltr'><strong>ferens</strong></span> <span class='ocrx_word' id='word_1_205' title='bbox 797 3068 926 3150; x_wconf 86' lang='lat' dir='ltr'><strong>legatio.</strong></span> <span class='ocrx_word' id='word_1_206' title='bbox 950 3069 1034 3130; x_wconf 89' lang='lat' dir='ltr'><strong>hanc</strong></span> <span class='ocrx_word' id='word_1_207' title='bbox 1055 3087 1180 3150; x_wconf 89' lang='lat' dir='ltr'><strong>quoque</strong></span> <span class='ocrx_word' id='word_1_208' title='bbox 1200 3066 1289 3126; x_wconf 87' lang='lat' dir='ltr'><strong>foede</strong></span> <span class='ocrx_word' id='word_1_209' title='bbox 1311 3086 1367 3146; x_wconf 90' lang='lat' dir='ltr'><strong>per</strong></span> <span class='ocrx_word' id='word_1_210' title='bbox 1387 3066 1442 3127; x_wconf 88' lang='lat' dir='ltr'><strong>ob-</strong></span> 
     </span>
     <span class='ocr_line' id='line_1_25' title="bbox 301 3167 1439 3256; baseline -0.007 -19"><span class='ocrx_word' id='word_1_211' title='bbox 301 3195 428 3237; x_wconf 83' lang='lat' dir='ltr'><strong>scenam</strong></span> <span class='ocrx_word' id='word_1_212' title='bbox 442 3183 630 3254; x_wconf 84' lang='lat' dir='ltr'><strong>turpemque</strong></span> <span class='ocrx_word' id='word_1_213' title='bbox 646 3173 735 3236; x_wconf 87' lang='lat' dir='ltr'><strong>dictu</strong></span> <span class='ocrx_word' id='word_1_214' title='bbox 756 3173 990 3256; x_wconf 86' lang='lat' dir='ltr'><strong>contumeliam</strong></span> <span class='ocrx_word' id='word_1_215' title='bbox 1005 3172 1146 3253; x_wconf 82' lang='lat' dir='ltr'><strong>uiolant3</strong></span> <span class='ocrx_word' id='word_1_216' title='bbox 1171 3179 1203 3231; x_wconf 91' lang='lat' dir='ltr'><strong>et</strong></span> <span class='ocrx_word' id='word_1_217' title='bbox 1217 3168 1293 3230; x_wconf 89' lang='lat' dir='ltr'><strong>hinc</strong></span> <span class='ocrx_word' id='word_1_218' title='bbox 1306 3167 1439 3230; x_wconf 83' lang='lat' dir='ltr'><strong>bellum.</strong></span> 
     </span>
     <span class='ocr_line' id='line_1_26' title="bbox 301 3269 1496 3359; baseline -0.009 -19"><span class='ocrx_word' id='word_1_219' title='bbox 301 3279 356 3340; x_wconf 89' lang='lat' dir='ltr'><strong>sed</strong></span> <span class='ocrx_word' id='word_1_220' title='bbox 377 3288 545 3359; x_wconf 79' lang='lat' dir='ltr'><strong>apparatur</strong></span> <span class='ocrx_word' id='word_1_221' title='bbox 567 3277 746 3353; x_wconf 84' lang='lat' dir='ltr'><strong>horribilis,</strong></span> <span class='ocrx_word' id='word_1_222' title='bbox 774 3299 849 3340; x_wconf 92' lang='lat' dir='ltr'><strong>cum</strong></span> <span class='ocrx_word' id='word_1_223' title='bbox 869 3288 917 3341; x_wconf 93' lang='lat' dir='ltr'><strong>tot</strong></span> <span class='ocrx_word' id='word_1_224' title='bbox 938 3277 1035 3340; x_wconf 93' lang='lat' dir='ltr'><strong>simul</strong></span> <span class='ocrx_word' id='word_1_225' title='bbox 1053 3273 1165 3357; x_wconf 90' lang='lat' dir='ltr'><strong>populi</strong></span> <span class='ocrx_word' id='word_1_226' title='bbox 1179 3295 1236 3355; x_wconf 90' lang='lat' dir='ltr'><strong>pro</strong></span> <span class='ocrx_word' id='word_1_227' title='bbox 1258 3269 1441 3335; x_wconf 88' lang='lat' dir='ltr'><strong>Tarentinis</strong></span> <span class='ocrx_word' id='word_1_228' title='bbox 1461 3281 1496 3330; x_wconf 80' lang='lat'><strong>25</strong></span> 
     </span>
     <span class='ocr_line' id='line_1_27' title="bbox 300 3373 1442 3469; baseline -0.007 -25"><span class='ocrx_word' id='word_1_229' title='bbox 300 3381 752 3464; x_wconf 86' lang='lat' dir='ltr'><strong>consurgerentomnibusque</strong></span> <span class='ocrx_word' id='word_1_230' title='bbox 772 3379 993 3469; x_wconf 88' lang='lat' dir='ltr'><strong>uehementior</strong></span> <span class='ocrx_word' id='word_1_231' title='bbox 1013 3379 1173 3461; x_wconf 86' lang='lat' dir='ltr'><strong>Pyrrhus,</strong></span> <span class='ocrx_word' id='word_1_232' title='bbox 1197 3376 1254 3459; x_wconf 92' lang='lat' dir='ltr'><strong>qui</strong></span> <span class='ocrx_word' id='word_1_233' title='bbox 1274 3373 1442 3456; x_wconf 57' lang='lat' dir='ltr'><strong>semimas-</strong></span> 
     </span>
     <span class='ocr_line' id='line_1_28' title="bbox 301 3480 1445 3549; baseline -0.007 0"><span class='ocrx_word' id='word_1_234' title='bbox 301 3509 372 3549; x_wconf 88' lang='lat' dir='ltr'><strong>cam</strong></span> <span class='ocrx_word' id='word_1_235' title='bbox 386 3508 427 3548; x_wconf 86' lang='lat' dir='ltr'><strong>ex</strong></span> <span class='ocrx_word' id='word_1_236' title='bbox 441 3483 699 3549; x_wconf 82' lang='lat' dir='ltr'><strong>Lacedaemoniis</strong></span> <span class='ocrx_word' id='word_1_237' title='bbox 715 3482 932 3546; x_wconf 83' lang='lat' dir='ltr'><strong>conditoribus</strong></span> <span class='ocrx_word' id='word_1_238' title='bbox 943 3482 1107 3545; x_wconf 89' lang='lat' dir='ltr'><strong>ciuitatem</strong></span> <span class='ocrx_word' id='word_1_239' title='bbox 1127 3480 1348 3544; x_wconf 88' lang='lat' dir='ltr'><strong>uindicaturus</strong></span> <span class='ocrx_word' id='word_1_240' title='bbox 1371 3501 1445 3541; x_wconf 90' lang='lat' dir='ltr'><strong>cum</strong></span> 
     </span>
     <span class='ocr_line' id='line_1_29' title="bbox 302 3585 1444 3672; baseline -0.007 -19"><span class='ocrx_word' id='word_1_241' title='bbox 302 3591 377 3654; x_wconf 90' lang='lat' dir='ltr'><strong>totis</strong></span> <span class='ocrx_word' id='word_1_242' title='bbox 398 3590 521 3652; x_wconf 89' lang='lat' dir='ltr'><strong>uiribus</strong></span> <span class='ocrx_word' id='word_1_243' title='bbox 549 3589 639 3672; x_wconf 88' lang='lat' dir='ltr'><strong>Epiri</strong></span> <span class='ocrx_word' id='word_1_244' title='bbox 662 3587 846 3650; x_wconf 87' lang='lat' dir='ltr'><strong>Thessaliae</strong></span> <span class='ocrx_word' id='word_1_245' title='bbox 867 3587 1076 3650; x_wconf 87' lang='lat' dir='ltr'><strong>Macedoniae</strong></span> <span class='ocrx_word' id='word_1_246' title='bbox 1096 3585 1331 3668; x_wconf 87' lang='lat' dir='ltr'><strong>incognitisque</strong></span> <span class='ocrx_word' id='word_1_247' title='bbox 1353 3585 1388 3646; x_wconf 90' lang='lat' dir='ltr'><strong>in</strong></span> <span class='ocrx_word' id='word_1_248' title='bbox 1410 3585 1444 3646; x_wconf 94' lang='lat' dir='ltr'><strong>id</strong></span> 
     </span>
    </p>
   </div>
   <div class='ocr_carea' id='block_1_5' title="bbox 201 3867 1446 4445">
    <p class='ocr_par' dir='ltr' id='par_1_6' title="bbox 285 3867 1446 4361">
     <span class='ocr_line' id='line_1_30' title="bbox 303 3867 1446 3941; baseline -0.005 -17"><span class='ocrx_word' id='word_1_249' title='bbox 303 3877 317 3924; x_wconf 84' lang='lat'><strong>3</strong></span> <span class='ocrx_word' id='word_1_250' title='bbox 331 3889 360 3923; x_wconf 88' lang='lat' dir='ltr'><strong>ac</strong></span> <span class='ocrx_word' id='word_1_251' title='bbox 373 3889 414 3922; x_wconf 84' lang='lat' dir='ltr'><strong>am</strong></span> <span class='ocrx_word' id='word_1_252' title='bbox 425 3883 444 3922; x_wconf 88' lang='grc' dir='ltr'><em>Β</em></span> <span class='ocrx_word' id='word_1_253' title='bbox 457 3871 466 3940; x_wconf 97' lang='grc'><strong>11</strong></span> <span class='ocrx_word' id='word_1_254' title='bbox 480 3875 495 3924; x_wconf 86' lang='lat'><strong>6</strong></span> <span class='ocrx_word' id='word_1_255' title='bbox 506 3871 640 3940; x_wconf 74' lang='lat' dir='ltr'><strong>peragite</strong></span> <span class='ocrx_word' id='word_1_256' title='bbox 653 3871 662 3941; x_wconf 97' lang='grc'><strong>11</strong></span> <span class='ocrx_word' id='word_1_257' title='bbox 681 3875 695 3924; x_wconf 83' lang='grc'>8</span> <span class='ocrx_word' id='word_1_258' title='bbox 706 3873 822 3926; x_wconf 88' lang='lat' dir='ltr'><strong>necdum</strong></span> <span class='ocrx_word' id='word_1_259' title='bbox 841 3878 947 3928; x_wconf 82' lang='lat' dir='ltr'><strong>etrusco</strong></span> <span class='ocrx_word' id='word_1_260' title='bbox 959 3871 1032 3924; x_wconf 91' lang='lat' dir='ltr'><strong>bello</strong></span> <span class='ocrx_word' id='word_1_261' title='bbox 1044 3875 1173 3938; x_wconf 80' lang='lat' dir='ltr'><strong>exempto</strong></span> <span class='ocrx_word' id='word_1_262' title='bbox 1185 3885 1249 3921; x_wconf 87' lang='lat' dir='ltr'><strong>mox</strong></span> <span class='ocrx_word' id='word_1_263' title='bbox 1268 3867 1390 3936; x_wconf 87' lang='lat' dir='ltr'><strong>sequitur</strong></span> <span class='ocrx_word' id='word_1_264' title='bbox 1406 3872 1446 3918; x_wconf 84' lang='lat' dir='ltr'><strong>ta·</strong></span> 
     </span>
     <span class='ocr_line' id='line_1_31' title="bbox 300 3951 1445 4026; baseline -0.004 -18"><span class='ocrx_word' id='word_1_265' title='bbox 300 3955 437 4008; x_wconf 82' lang='lat' dir='ltr'><strong>reatinum</strong></span> <span class='ocrx_word' id='word_1_266' title='bbox 448 3967 464 4007; x_wconf 87' lang='grc' dir='ltr'><strong><em>Ι</em></strong></span> <span class='ocrx_word' id='word_1_267' title='bbox 474 3954 483 4024; x_wconf 95' lang='grc'><strong>11</strong></span> <span class='ocrx_word' id='word_1_268' title='bbox 497 3955 605 4022; x_wconf 87' lang='lat' dir='ltr'><strong>quidem</strong></span> <span class='ocrx_word' id='word_1_269' title='bbox 616 3955 645 4008; x_wconf 89' lang='lat' dir='ltr'><strong>in</strong></span> <span class='ocrx_word' id='word_1_270' title='bbox 656 3957 764 4009; x_wconf 87' lang='lat' dir='ltr'><strong>nomine</strong></span> <span class='ocrx_word' id='word_1_271' title='bbox 775 3969 791 4008; x_wconf 87' lang='grc' dir='ltr'><strong><em>Ι</em></strong></span> <span class='ocrx_word' id='word_1_272' title='bbox 802 3955 810 4026; x_wconf 95' lang='grc'><strong>11</strong></span> <span class='ocrx_word' id='word_1_273' title='bbox 824 3959 840 4008; x_wconf 84' lang='grc'>9</span> <span class='ocrx_word' id='word_1_274' title='bbox 851 3955 881 4010; x_wconf 87' lang='lat' dir='ltr'><strong>in</strong></span> <span class='ocrx_word' id='word_1_275' title='bbox 892 3955 1014 4008; x_wconf 86' lang='lat' dir='ltr'><strong>uictoriis</strong></span> <span class='ocrx_word' id='word_1_276' title='bbox 1024 3967 1041 4006; x_wconf 88' lang='grc' dir='ltr'><strong><em>Ι</em></strong></span> <span class='ocrx_word' id='word_1_277' title='bbox 1051 3953 1060 4023; x_wconf 98' lang='grc'><strong>11</strong></span> <span class='ocrx_word' id='word_1_278' title='bbox 1082 3956 1110 4006; x_wconf 86' lang='grc'><strong>11</strong></span> <span class='ocrx_word' id='word_1_279' title='bbox 1124 3953 1158 4006; x_wconf 88' lang='lat' dir='ltr'><strong>iis</strong></span> <span class='ocrx_word' id='word_1_280' title='bbox 1171 3953 1195 4016; x_wconf 83' lang='lat' dir='ltr'><strong>b,</strong></span> <span class='ocrx_word' id='word_1_281' title='bbox 1209 3952 1268 4004; x_wconf 88' lang='lat' dir='ltr'><strong>istis</strong></span> <span class='ocrx_word' id='word_1_282' title='bbox 1279 3963 1302 4004; x_wconf 99' lang='grc' dir='ltr'><em>Ν</em></span> <span class='ocrx_word' id='word_1_283' title='bbox 1314 3951 1324 4020; x_wconf 95' lang='grc'><strong>11</strong></span> <span class='ocrx_word' id='word_1_284' title='bbox 1336 3966 1445 4020; x_wconf 82' lang='lat' dir='ltr'><strong>pyrrum</strong></span> 
     </span>
     <span class='ocr_line' id='line_1_32' title="bbox 301 4033 1440 4111; baseline -0.004 -20"><span class='ocrx_word' id='word_1_285' title='bbox 301 4037 336 4106; x_wconf 89' lang='grc'><strong>111</strong></span> <span class='ocrx_word' id='word_1_286' title='bbox 349 4037 515 4106; x_wconf 81' lang='lat' dir='ltr'><strong>epirotarum·</strong></span> <span class='ocrx_word' id='word_1_287' title='bbox 522 4039 642 4108; x_wconf 81' lang='lat' dir='ltr'><strong>graeciae</strong></span> <span class='ocrx_word' id='word_1_288' title='bbox 655 4053 670 4093; x_wconf 86' lang='grc' dir='ltr'><em>Ι</em></span> <span class='ocrx_word' id='word_1_289' title='bbox 685 4039 694 4109; x_wconf 94' lang='grc'><strong>11</strong></span> <span class='ocrx_word' id='word_1_290' title='bbox 716 4043 746 4092; x_wconf 88' lang='grc'><strong>13</strong></span> <span class='ocrx_word' id='word_1_291' title='bbox 757 4046 878 4093; x_wconf 77' lang='lat' dir='ltr'><strong>tarentas</strong></span> <span class='ocrx_word' id='word_1_292' title='bbox 889 4053 913 4093; x_wconf 91' lang='grc' dir='ltr'><em>Ν</em></span> <span class='ocrx_word' id='word_1_293' title='bbox 931 4042 940 4111; x_wconf 94' lang='grc'><strong>11</strong></span> <span class='ocrx_word' id='word_1_294' title='bbox 962 4044 992 4092; x_wconf 86' lang='grc'>14</span> <span class='ocrx_word' id='word_1_295' title='bbox 1004 4039 1146 4110; x_wconf 84' lang='lat' dir='ltr'><strong>apulianae</strong></span> <span class='ocrx_word' id='word_1_296' title='bbox 1156 4049 1176 4089; x_wconf 96' lang='grc' dir='ltr'><em>Β</em></span> <span class='ocrx_word' id='word_1_297' title='bbox 1194 4036 1203 4106; x_wconf 97' lang='grc'><strong>11</strong></span> <span class='ocrx_word' id='word_1_298' title='bbox 1226 4039 1256 4088; x_wconf 87' lang='grc'>16</span> <span class='ocrx_word' id='word_1_299' title='bbox 1266 4034 1389 4088; x_wconf 69' lang='lat' dir='ltr'><strong>⁴mirabili</strong></span> <span class='ocrx_word' id='word_1_300' title='bbox 1397 4047 1419 4105; x_wconf 81' lang='grc' dir='ltr'><em>Β</em></span> <span class='ocrx_word' id='word_1_301' title='bbox 1431 4033 1440 4101; x_wconf 97' lang='grc'><strong>11</strong></span> 
     </span>
     <span class='ocr_line' id='line_1_33' title="bbox 285 4118 1439 4194; baseline -0.005 -20"><span class='ocrx_word' id='word_1_302' title='bbox 285 4141 287 4145; x_wconf 96' lang='grc'><strong><em>·</em></strong></span> <span class='ocrx_word' id='word_1_303' title='bbox 302 4121 391 4175; x_wconf 88' lang='lat' dir='ltr'><strong>adriae</strong></span> <span class='ocrx_word' id='word_1_304' title='bbox 402 4134 431 4185; x_wconf 87' lang='lat'><strong>1,</strong></span> <span class='ocrx_word' id='word_1_305' title='bbox 457 4122 598 4176; x_wconf 83' lang='lat' dir='ltr'><strong>hadriatici</strong></span> <span class='ocrx_word' id='word_1_306' title='bbox 609 4135 635 4175; x_wconf 89' lang='grc' dir='ltr'><em>Ν</em></span> <span class='ocrx_word' id='word_1_307' title='bbox 651 4123 660 4192; x_wconf 96' lang='grc'><strong>11</strong></span> <span class='ocrx_word' id='word_1_308' title='bbox 681 4125 710 4174; x_wconf 80' lang='grc'><strong>11</strong></span> <span class='ocrx_word' id='word_1_309' title='bbox 723 4123 854 4192; x_wconf 85' lang='lat' dir='ltr'><strong>hystriam</strong></span> <span class='ocrx_word' id='word_1_310' title='bbox 864 4137 884 4177; x_wconf 90' lang='grc' dir='ltr'><em>Β</em></span> <span class='ocrx_word' id='word_1_311' title='bbox 896 4123 905 4193; x_wconf 97' lang='grc'><strong>11</strong></span> <span class='ocrx_word' id='word_1_312' title='bbox 918 4125 1023 4194; x_wconf 86' lang='lat' dir='ltr'><strong>epirum</strong></span> <span class='ocrx_word' id='word_1_313' title='bbox 1033 4135 1057 4176; x_wconf 94' lang='grc' dir='ltr'><em>Ν</em></span> <span class='ocrx_word' id='word_1_314' title='bbox 1075 4123 1084 4191; x_wconf 93' lang='grc'>1</span> <span class='ocrx_word' id='word_1_315' title='bbox 1107 4125 1138 4174; x_wconf 86' lang='grc'>19</span> <span class='ocrx_word' id='word_1_316' title='bbox 1149 4121 1236 4174; x_wconf 88' lang='lat' dir='ltr'><strong>maius</strong></span> <span class='ocrx_word' id='word_1_317' title='bbox 1248 4120 1384 4173; x_wconf 88' lang='lat' dir='ltr'><strong>theatrum</strong></span> <span class='ocrx_word' id='word_1_318' title='bbox 1394 4128 1420 4168; x_wconf 90' lang='grc' dir='ltr'><em>Ν</em></span> <span class='ocrx_word' id='word_1_319' title='bbox 1430 4118 1439 4185; x_wconf 94' lang='grc'><strong>11</strong></span> 
     </span>
     <span class='ocr_line' id='line_1_34' title="bbox 299 4200 1441 4284; baseline -0.005 -26"><span class='ocrx_word' id='word_1_320' title='bbox 299 4206 453 4259; x_wconf 82' lang='lat' dir='ltr'><strong>theathrurn</strong></span> <span class='ocrx_word' id='word_1_321' title='bbox 464 4219 483 4260; x_wconf 87' lang='grc' dir='ltr'><em>Β</em></span> <span class='ocrx_word' id='word_1_322' title='bbox 496 4208 505 4277; x_wconf 97' lang='grc'><strong>11</strong></span> <span class='ocrx_word' id='word_1_323' title='bbox 518 4211 551 4260; x_wconf 88' lang='grc'>20</span> <span class='ocrx_word' id='word_1_324' title='bbox 564 4208 745 4262; x_wconf 84' lang='lat' dir='ltr'><strong>calamitatum</strong></span> <span class='ocrx_word' id='word_1_325' title='bbox 756 4220 779 4260; x_wconf 94' lang='grc' dir='ltr'><em>Ν</em></span> <span class='ocrx_word' id='word_1_326' title='bbox 790 4208 800 4277; x_wconf 97' lang='grc'><strong>11</strong></span> <span class='ocrx_word' id='word_1_327' title='bbox 812 4208 892 4261; x_wconf 84' lang='lat' dir='ltr'><strong>litore</strong></span> <span class='ocrx_word' id='word_1_328' title='bbox 903 4219 922 4260; x_wconf 89' lang='grc' dir='ltr'><em>Β</em></span> <span class='ocrx_word' id='word_1_329' title='bbox 934 4207 944 4275; x_wconf 95' lang='grc'><strong>11</strong></span> <span class='ocrx_word' id='word_1_330' title='bbox 956 4209 987 4259; x_wconf 91' lang='grc'><strong>21</strong></span> <span class='ocrx_word' id='word_1_331' title='bbox 1001 4206 1113 4284; x_wconf 76' lang='lat' dir='ltr'><strong>classem</strong></span> <span class='ocrx_word' id='word_1_332' title='bbox 1124 4216 1140 4258; x_wconf 84' lang='lat' dir='ltr'><strong>l</strong></span> <span class='ocrx_word' id='word_1_333' title='bbox 1150 4206 1160 4275; x_wconf 95' lang='grc'><strong>11</strong></span> <span class='ocrx_word' id='word_1_334' title='bbox 1181 4209 1214 4257; x_wconf 93' lang='grc'><strong>22</strong></span> <span class='ocrx_word' id='word_1_335' title='bbox 1224 4211 1253 4256; x_wconf 87' lang='lat' dir='ltr'><strong>et</strong></span> <span class='ocrx_word' id='word_1_336' title='bbox 1262 4202 1396 4265; x_wconf 80' lang='lat' dir='ltr'><strong>insultant</strong></span> <span class='ocrx_word' id='word_1_337' title='bbox 1405 4213 1422 4252; x_wconf 86' lang='grc' dir='ltr'><strong><em>Ι</em></strong></span> <span class='ocrx_word' id='word_1_338' title='bbox 1432 4200 1441 4269; x_wconf 97' lang='grc'><strong>11</strong></span> 
     </span>
     <span class='ocr_line' id='line_1_35' title="bbox 300 4286 1443 4361; baseline -0.003 -18"><span class='ocrx_word' id='word_1_339' title='bbox 300 4294 333 4343; x_wconf 85' lang='grc'>23</span> <span class='ocrx_word' id='word_1_340' title='bbox 346 4291 507 4360; x_wconf 88' lang='lat' dir='ltr'><strong>quaerellam</strong></span> <span class='ocrx_word' id='word_1_341' title='bbox 518 4304 537 4344; x_wconf 89' lang='grc' dir='ltr'><em>Β</em></span> <span class='ocrx_word' id='word_1_342' title='bbox 549 4292 558 4361; x_wconf 97' lang='grc'><strong>11</strong></span> <span class='ocrx_word' id='word_1_343' title='bbox 571 4291 706 4345; x_wconf 73' lang='lat' dir='ltr'><strong>laederes</strong></span> <span class='ocrx_word' id='word_1_344' title='bbox 718 4291 727 4361; x_wconf 93' lang='grc'><strong>11</strong></span> <span class='ocrx_word' id='word_1_345' title='bbox 740 4308 882 4360; x_wconf 81' lang='lat' dir='ltr'><strong>opacenam</strong></span> <span class='ocrx_word' id='word_1_346' title='bbox 889 4303 913 4344; x_wconf 91' lang='grc' dir='ltr'><em>Ν</em></span> <span class='ocrx_word' id='word_1_347' title='bbox 923 4291 933 4360; x_wconf 95' lang='grc'><strong>11</strong></span> <span class='ocrx_word' id='word_1_348' title='bbox 946 4295 977 4344; x_wconf 81' lang='grc'>25</span> <span class='ocrx_word' id='word_1_349' title='bbox 990 4290 1085 4360; x_wconf 85' lang='lat' dir='ltr'><strong>populi</strong></span> <span class='ocrx_word' id='word_1_350' title='bbox 1096 4296 1235 4360; x_wconf 81' lang='lat' dir='ltr'><strong>portarent</strong></span> <span class='ocrx_word' id='word_1_351' title='bbox 1246 4286 1288 4339; x_wconf 87' lang='lat' dir='ltr'><strong>his</strong></span> <span class='ocrx_word' id='word_1_352' title='bbox 1299 4302 1443 4356; x_wconf 80' lang='lat' dir='ltr'><strong>consurge·</strong></span> 
     </span>
    </p>

    <p class='ocr_par' dir='ltr' id='par_1_7' title="bbox 201 4363 1383 4445">
     <span class='ocr_line' id='line_1_36' title="bbox 201 4363 1383 4445; baseline -0.006 -16"><span class='ocrx_word' id='word_1_353' title='bbox 201 4363 205 4372; x_wconf 93' lang='lat'>.</span> <span class='ocrx_word' id='word_1_354' title='bbox 299 4383 360 4428; x_wconf 86' lang='lat' dir='ltr'><strong>rent</strong></span> <span class='ocrx_word' id='word_1_355' title='bbox 371 4387 396 4427; x_wconf 90' lang='grc' dir='ltr'><em>Ν</em></span> <span class='ocrx_word' id='word_1_356' title='bbox 406 4376 414 4445; x_wconf 97' lang='grc'><strong>11</strong></span> <span class='ocrx_word' id='word_1_357' title='bbox 433 4379 465 4428; x_wconf 83' lang='grc'>26</span> <span class='ocrx_word' id='word_1_358' title='bbox 478 4376 640 4428; x_wconf 90' lang='lat' dir='ltr'><strong>veementior</strong></span> <span class='ocrx_word' id='word_1_359' title='bbox 658 4375 673 4426; x_wconf 83' lang='lat' dir='ltr'><em>b</em></span> <span class='ocrx_word' id='word_1_360' title='bbox 686 4375 695 4444; x_wconf 89' lang='grc'>1</span> <span class='ocrx_word' id='word_1_361' title='bbox 714 4391 810 4443; x_wconf 89' lang='lat' dir='ltr'><strong>pyrrus</strong></span> <span class='ocrx_word' id='word_1_362' title='bbox 828 4386 863 4426; x_wconf 81' lang='grc' dir='ltr'><strong>ΙΝ</strong></span> <span class='ocrx_word' id='word_1_363' title='bbox 876 4375 884 4442; x_wconf 96' lang='grc'><strong>11</strong></span> <span class='ocrx_word' id='word_1_364' title='bbox 898 4377 930 4426; x_wconf 82' lang='grc'>28</span> <span class='ocrx_word' id='word_1_365' title='bbox 943 4375 1027 4426; x_wconf 88' lang='lat' dir='ltr'><strong>totius</strong></span> <span class='ocrx_word' id='word_1_366' title='bbox 1039 4387 1063 4425; x_wconf 89' lang='grc' dir='ltr'><em>Ν</em></span> <span class='ocrx_word' id='word_1_367' title='bbox 1074 4375 1083 4443; x_wconf 94' lang='grc'><strong>11</strong></span> <span class='ocrx_word' id='word_1_368' title='bbox 1096 4373 1169 4442; x_wconf 89' lang='lat' dir='ltr'><strong>eperi</strong></span> <span class='ocrx_word' id='word_1_369' title='bbox 1181 4372 1205 4434; x_wconf 79' lang='lat' dir='ltr'><strong>b,</strong></span> <span class='ocrx_word' id='word_1_370' title='bbox 1220 4371 1295 4440; x_wconf 88' lang='lat' dir='ltr'><strong>epyri</strong></span> <span class='ocrx_word' id='word_1_371' title='bbox 1306 4382 1363 4423; x_wconf 82' lang='grc' dir='ltr'><strong>ΒΙΝ</strong></span> <span class='ocrx_word' id='word_1_372' title='bbox 1373 4370 1383 4440; x_wconf 92' lang='grc'>1</span> 
     </span>
    </p>
   </div>
   <div class='ocr_carea' id='block_1_6' title="bbox 0 0 1661 5084">
    <p class='ocr_par' dir='ltr' id='par_1_8' title="bbox 0 0 1661 5084">
     <span class='ocr_line' id='line_1_37' title="bbox 0 0 1661 5084; baseline 0 0"><span class='ocrx_word' id='word_1_373' title='bbox 0 0 1661 5084; x_wconf 95' lang='lat' dir='ltr'><strong> </strong></span> 
     </span>
    </p>
   </div>
  </div>
 </body>
</html>
