3300 5084
570 300 718 354 serrone
735 302 773 355 11,
792 291 823 341 13
842 279 925 363 [1111‚
942 281 984 364 2].
1310 281 1359 355 ¹99

208 451 366 516 ambitum
392 450 482 516 ducis
507 450 727 534 increpabant.
764 448 809 511 sic
830 447 1116 532 praecipitantibus
1138 448 1214 513 fatis
1239 449 1359 533 proelio

209 567 339 641 sumpta
354 556 521 620 Thessalia
535 565 602 630 est,
631 565 663 618 et
677 553 869 638 Philippicis
884 553 1005 638 eampis
1020 552 1108 617 urbis
1122 553 1248 638 imperii
1262 577 1358 638 gene-

207 661 251 730 ris
263 643 400 733 ¹humani
414 662 481 728 fata
495 660 663 726 commissa
677 671 764 724 sunt.
789 680 968 742 numquam
986 658 1054 721 ullo
1075 659 1146 721 loce
1169 669 1296 723 tantum
1309 659 1358 720 ui·

170 745 175 758 .
207 769 293 832 rium
306 767 420 850 populi
434 766 592 842 Romani,
615 776 742 828 tantum
764 763 931 846 diguitatis
947 765 1091 828 Fortuna
1112 763 1269 847 respexit:
1296 773 1356 825 tre·

174 887 189 934 5
208 884 302 936 centa
317 872 455 955 amplius
475 871 566 934 milia
584 871 667 934 hine.
677 870 732 932 uel
746 868 838 933 illinc
852 879 978 952 praeter
992 868 1132 943 auxilia,
1157 891 1246 951 reges
1262 878 1294 930 et
1310 890 1357 932 se·

206 989 330 1042 natum.
350 997 527 1059 numquam
539 974 736 1041 imminentis
747 971 861 1036 ruinae
871 973 1090 1037 manifestiora
1099 972 1261 1058 prodigia:
1280 973 1358 1055 fuga

206 1082 428 1157 uictimarum,
446 1081 594 1146 examina
608 1080 644 1143 in
659 1079 777 1161 signis,
802 1078 945 1142 interdiu
967 1080 1126 1143 tenebrae.
1150 1080 1218 1142 dux
1238 1077 1357 1160 ipsein

205 1198 363 1250 nocturna
377 1185 517 1268 imagine
531 1185 649 1266 plausu
664 1183 780 1245 theatri
796 1183 847 1245 sui
861 1182 897 1243 in
910 1185 1043 1249 modum
1056 1185 1206 1267 planctus
1221 1182 1355 1246 circum·

206 1302 337 1356 senatus
364 1301 396 1356 et
420 1311 515 1352 mane
538 1311 612 1351 eum
636 1289 725 1371 pullo
751 1287 907 1371 pallio-
927 1289 1017 1353 nefas
1033 1324 1075 1336 --
1099 1298 1177 1372 aput
1198 1287 1356 1371 principia
1396 1339 1400 1342 .

109 1461 117 1468 ,
155 1409 187 1460 111
208 1390 398 1478 conspectus
414 1405 472 1458 est.
491 1415 667 1477 numquam
683 1393 783 1456 acrior
797 1414 901 1475 neque
917 1393 1051 1460 alacrior
1066 1392 1224 1456 exereitus
1239 1394 1355 1456 Caesa·

205 1502 249 1564 ris
264 1500 326 1566 fuit
334 1526 343 1576 ;
373 1500 449 1566 inde
463 1500 595 1564 classica
609 1498 717 1582 prius,
734 1498 809 1562 inde
825 1498 900 1560 tela.
926 1500 1116 1562 adnotatum
1130 1519 1256 1581 quoque
1271 1520 1356 1563 eom·

205 1606 364 1670 mittentis
380 1604 481 1668 aciem
503 1604 644 1670 Crastini
665 1601 787 1686 pilum,
810 1602 869 1684 qui
887 1623 964 1664 mox
986 1605 1099 1666 adacto
1120 1603 1156 1667 in
1177 1625 1212 1666 os
1233 1604 1353 1686 gladio,

205 1711 250 1774 sie
265 1712 349 1776 inter
364 1712 520 1774 cadauera
534 1717 678 1790 repertus
694 1718 760 1772 est:
784 1707 954 1770 libidinem
968 1729 1006 1773 ac
1020 1707 1141 1772 rabiem
1155 1729 1219 1789 qua
1231 1730 1355 1791 pugna·

206 1826 298 1881 uerat
313 1817 384 1898 ipsa
398 1814 544 1878 nouitate
559 1811 699 1900 uolneris
711 1811 921 1894 praeferebat.
946 1813 1003 1878 sed
1022 1833 1082 1874 nee
1096 1811 1205 1876 miuus
1220 1812 1355 1876 admira·

155 1931 186 1982 15
206 1921 301 1984 bilior
316 1919 405 1982 illius
418 1918 524 1982 exitus
537 1916 626 1980 belli.
647 1916 765 2000 quippe
780 1937 856 1982 eum
863 1912 1037 1999 Pompeius
1050 1919 1129 1980 adeo
1144 1916 1290 1998 equitum
1305 1939 1355 1980 co·

206 2025 260 2106 pia
275 2025 453 2088 abundaret
467 2033 504 2084 ut
519 2022 612 2086 facile
627 2022 904 2086 circumuenturus
912 2020 978 2083 sibi
993 2023 1163 2085 Caesarem
1178 2020 1351 2097 uideretur,

205 2128 444 2195 circumuentus
459 2127 527 2210 ipse
542 2138 601 2193 est.
619 2149 695 2190 nam
709 2149 784 2190 enm
799 2126 856 2192 diu
871 2147 975 2208 aequo
991 2127 1096 2191 Marte
1111 2128 1352 2209 contenderent,

203 2234 358 2316 iussuque
382 2233 516 2316 Pompei
531 2235 608 2296 fisus
625 2233 686 2296 sibi
701 2254 720 2295 a
734 2254 834 2298 cornu
849 2231 1007 2314 erupisset
1021 2231 1200 2313 equitatus,
1223 2243 1354 2314 repente

203 2339 280 2404 hine
296 2339 387 2421 signe
402 2340 477 2402 date
493 2339 727 2405 Germanorum
742 2338 886 2400 cohortes
902 2345 1030 2400 tantum
1044 2337 1080 2398 in
1093 2337 1208 2401 effusos
1230 2337 1354 2417 equites

150 2453 183 2504 2ο
202 2444 303 2508 fecere
314 2444 472 2526 impetum
488 2454 525 2506 ut
536 2443 586 2507 illi
597 2465 665 2506 esse
680 2423 816 2525 pedites,
834 2440 870 2502 hi
880 2440 992 2503 uenire
1003 2441 1038 2503 in
1050 2439 1140 2521 equis
1152 2439 1349 2503 uiderentur.

194 2548 279 2610 hanc
301 2559 439 2630 stragem
453 2546 608 2630 fugientis
624 2546 786 2629 equitatus
801 2545 884 2608 leuis
899 2555 1079 2608 armaturae
1093 2544 1188 2606 ruina
1201 2544 1354 2607 comitata

204 2662 264 2728 est,
281 2664 359 2717 tune
372 2663 488 2718 terrore
499 2652 598 2720 latius
614 2653 701 2726 dato,
718 2650 924 2718 turbantibus
940 2649 1082 2712 inuicem
1097 2649 1213 2731 copiis,
1230 2650 1353 2733 reliqua

202 2765 324 2839 strages
340 2757 432 2839 quasi
447 2779 513 2822 una
527 2778 627 2823 manu
641 2757 725 2821 facta
740 2765 788 2819 est
796 2779 806 2830 ;
830 2776 890 2816 nee
905 2754 973 2819 ulla
987 2776 1036 2817 res
1058 2753 1161 2836 magis
1176 2754 1275 2818 exitio
1290 2756 1353 2820 fuit

203 2883 300 2944 quam
319 2861 390 2944 ipsa
412 2859 570 2926 exercitus
590 2859 792 2943 magnitude.
826 2859 949 2928 multus
972 2858 1008 2922 in
1028 2881 1066 2922 eo
1092 2859 1213 2941 proelio
1235 2861 1353 2926 Caesar
1454 2889 1458 2893 ·

148 2977 180 3026 25
200 2965 264 3028 fuit
289 2967 477 3048 mediusque
502 2966 586 3046 inter
611 2965 834 3048 imperatorem
860 2974 893 3028 et
925 2963 1072 3031 militem.
1108 2986 1203 3028 uoces
1225 2987 1351 3048 quoque

200 3061 416 3154 obequitantis
432 3081 599 3154 acceptae,
616 3072 716 3136 altera
729 3078 882 3143 eruenta,
900 3068 956 3130 sed
971 3070 1066 3134 docta
1079 3080 1112 3132 et
1127 3071 1168 3133 ad
1183 3069 1351 3135 uictoriam

199 3177 311 3241 efficax
322 3171 428 3242 ‘miles
443 3176 558 3243 faeiem
568 3170 660 3242 feril'
677 3177 777 3238 altera
791 3175 833 3236 ad
846 3173 1053 3241 iactationem
1067 3174 1232 3255 conposita
1243 3168 1351 3257 ‘parce

201 3280 327 3344 ciuibus
337 3275 363 3341 !'
385 3303 460 3344 eum
481 3282 548 3364 ipse
564 3291 749 3364 sequeretur
763 3278 890 3345 felicem
905 3288 1079 3360 utcumque
1094 3278 1129 3340 in
1144 3278 1238 3342 malis
1254 3280 1349 3343 Pom·

200 3565 216 3614 2
234 3560 348 3613 thesalia
364 3563 693 3634 ΒΙΙοτ1111Β11410111111
709 3561 780 3614 uidit
797 3573 822 3613 N
832 3561 842 3631 11
861 3564 875 3612 5
894 3561 958 3613 hine
975 3560 1042 3613 belli
1059 3560 1134 3613 illinc
1151 3574 1177 3614 Β
1194 3563 1203 3632 {l
1221 3563 1285 3615 hinc
1305 3562 1350 3616 uel

199 3644 274 3698 illinc
280 3652 344 3714 poet
355 3645 456 3700 auxilia
463 3646 542 3714 ponit
553 3645 743 3702 Mamaeanas
756 3645 766 3716 ll
778 3663 874 3716 regum
886 3652 914 3698 et
929 3652 1038 3698 senatus
1055 3656 1080 3696 Ν
1090 3643 1100 3714 ll
1115 3649 1128 3695 7
1150 3647 1278 3700 examina
1296 3660 1315 3700 Β
1327 3650 1337 3717 ll

197 3731 255 3800 ipse
268 3736 296 3783 et
306 3737 438 3784 nocturna
448 3730 493 3800 111
507 3732 521 3782 8
534 3731 631 3799 plausu
643 3730 742 3784 theatri
758 3730 801 3782 sui
812 3730 1023 3784 Memmmius:
1047 3730 1172 3800 plausum
1189 3731 1288 3784 theatri
1306 3733 1349 3785 sui

197 3814 310 3868 audiens
328 3827 361 3878 Β,
389 3814 504 3868 thaeatri
519 3813 562 3868 sui
579 3812 691 3866 audiens
703 3813 828 3884 plausum
839 3813 1076 3883 vaeireumsouat
1087 3821 1115 3868 et
1125 3826 1149 3866 Β
1161 3815 1170 3885 [l
1183 3817 1198 3867 9
1211 3815 1294 3886 pallio
1306 3835 1348 3869 om
1418 3801 1424 3810 ’

196 3912 220 3952 Β·
231 3900 241 3969 ΙΙ
256 3903 286 3956 12
299 3900 414 3954 adhaeto
427 3900 455 3954 in
468 3899 519 3954 boe
532 3897 623 3970 gladio
634 3910 654 3950 Β
666 3899 675 3968 ΙΙ
690 3901 720 3949 13
741 3905 782 3951 est
799 3917 842 3952 om
856 3899 903 3969 1111
914 3899 965 3952 bae
976 3912 995 3952 Β
1008 3899 1017 3970 ll
1031 3903 1062 3952 14
1080 3898 1216 3952 nouitates
1227 3900 1348 3954 uulneris

195 3996 215 4035 Β
225 3984 236 4054 ¹[l
251 3987 281 4038 15
300 3985 415 4040 1111111Β
426 3985 436 4055 ΙΙ
451 3988 482 4040 16
500 3983 671 4038 habundaret
687 3995 707 4036 Β
719 3984 728 4054 {l
744 3987 774 4036 17
793 3984 970 4038 contenderet
985 3985 1031 4054 111
1046 3987 1075 4037 18
1088 3984 1153 4040 fisus
1172 3982 1224 4035 sibi
1235 3984 1347 4053 sampsi.-

195 4067 260 4122 fisus
273 4069 315 4124 sui
325 4083 359 4134 Β,
380 4070 457 4124 fusus
468 4069 512 4141 1111
526 4074 558 4124 20
576 4069 694 4122 faceres
706 4068 716 4140 ll
728 4074 849 4126 essenti
861 4068 871 4138 l
884 4068 924 4122 illi
940 4069 1034 4122 uenire
1050 4067 1135 4139 1121
1156 4068 1293 4138 equitatus
1305 4087 1348 4122 em

196 4162 215 4202 Β
227 4151 236 4218 ΙΙ
249 4155 281 4206 22
299 4169 387 4206 errore
406 4155 491 4224 1115
511 4155 587 4210 noeis
605 4166 625 4206 Β
637 4155 646 4224 ΙΙ
659 4157 692 4208 26
712 4153 895 4224 obequitantis
912 4156 963 4206 112
975 4171 1074 4206 mana:
1092 4151 1256 4222 obequitatis
1271 4154 1336 4223 aral

197 4243 308 4305 excepte
319 4251 344 4290 Ν
354 4240 363 4309 ss
377 4243 407 4292 27
421 4239 592 4296 iactationem
610 4243 661 4294 N2
679 4257 777 4294 manu:
796 4238 943 4293 iatatonem
959 4250 993 4303 Β,
1013 4237 1185 4291 iactationem
1202 4237 1347 4307 11112811-

196 4335 283 4388 cuqua
293 4332 313 4372 Β
325 4322 335 4390 ll

1136 4383 1240 4475 7¹⁸¹
