3300 5084
698 319 895 365 Pannsarro.
1062 338 1064 341 v
1356 311 1384 364 V
1418 375 1425 387 Ι

215 469 441 552 corrigendum
456 469 497 532 ad
520 470 692 533 Halmium
711 472 804 547 misi,
834 471 890 554 qui
912 494 978 533 non
999 471 1104 533 solum
1124 445 1265 533 codicem
1286 474 1381 534 Bam-

214 575 403 658 bergensem
419 575 512 639 tertio
529 576 677 639 adhibuit
693 587 725 639 et
747 599 965 660 quaecumque
986 577 1039 638 nel
1060 553 1178 639 orhissa
1198 577 1252 639 uel
1273 578 1382 641 minus

215 691 301 742 recte
316 683 469 744 adnotata
483 681 623 764 repperit
639 703 765 746 summa
780 685 844 745 fide
865 681 1019 758 correxit,
1046 683 1101 744 sed
1122 681 1221 744 etiam
1243 706 1335 768 quae
1346 685 1381 746 in

217 807 312 868 opera
325 808 398 850 mea
412 786 597 870 inprobaret
611 788 746 854 candide
760 787 1121 872 indicauitetquaeipse
1132 787 1302 851 inuenerat
1316 812 1382 852 me-

217 913 291 954 cum
305 893 557 956 communicauit
564 941 574 970 ,
599 917 663 977 qua
683 893 720 956 in
741 915 774 956 re
790 894 861 957 fieri
880 917 947 958 non
961 893 1068 976 potuit
1083 893 1162 976 quin
1176 895 1265 957 haud
1279 918 1383 978 pauca

215 998 255 1060 ab
271 998 381 1062 amicis
398 999 620 1082 Lipsiensibps
637 999 699 1062 sibi
712 1011 881 1084 praerepta
898 999 1033 1063 uideret.
1066 1011 1100 1062 at
1120 1021 1180 1082 ego
1195 1001 1381 1083 opportuni-

216 1113 282 1166 tate
302 1104 384 1167 mihi
400 1106 506 1170 oblata
522 1107 627 1170 denuo
650 1107 758 1198 omnia
774 1115 919 1169 accurate
934 1105 1153 1190 perpendendi
1168 1128 1294 1171 summa
1309 1128 1383 1169 cnm

215 1211 279 1272 fide
300 1233 379 1274 usus
403 1234 485 1274 sum.
518 1213 564 1275 ita
589 1213 711 1275 iactum
738 1221 844 1276 estut
867 1235 943 1275 cura
963 1223 1059 1295 atque
1080 1211 1250 1294 diligentia
1263 1213 1383 1275 maiore

216 1337 313 1398 quam
328 1339 409 1399 quae
424 1318 464 1380 ab
479 1340 545 1380 uno
560 1319 690 1382 homine
706 1319 852 1381 adhiberi
866 1318 948 1380 solet
959 1331 991 1381 et
1006 1340 1081 1380 uero
1100 1328 1206 1400 potest
1222 1318 1383 1400 scriptoris

215 1421 313 1484 huius
329 1424 427 1486 uerba
443 1434 577 1488 tractata
593 1425 668 1488 sint.
702 1435 861 1507 quantum
881 1447 958 1486 uero
979 1423 1015 1485 in
1038 1424 1099 1507 hoc
1118 1425 1249 1507 negotio
1271 1425 1381 1488 amicis

217 1528 352 1612 egregiis
376 1531 528 1606 debeam,
556 1531 591 1594 id
612 1553 678 1594 non
694 1553 734 1592 ex
757 1531 802 1594 eis
824 1531 903 1593 locis
926 1529 1171 1593 diiudicandum
1192 1540 1241 1594 est
1266 1530 1383 1613 quibus

215 1656 334 1696 nomen
350 1657 460 1699 corum
475 1637 672 1720 adscriptum
693 1637 822 1720 legitur.
843 1635 1028 1718 saepissime
1043 1635 1130 1698 enim
1146 1637 1185 1698 ab
1207 1635 1253 1698 eis
1274 1637 1382 1698 admo

216 1740 304 1804 nitus
321 1751 377 1804 aut
391 1764 492 1825 praua
506 1743 632 1806 deserui
646 1753 702 1805 aut
718 1745 757 1804 ad
773 1765 810 1805 ea
824 1741 1039 1817 inuenienda,
1058 1764 1139 1824 quae
1154 1741 1238 1804 mihi
1253 1742 1382 1823 quidem

217 1869 294 1909 uera
308 1847 380 1910 uisa
395 1859 483 1926 sunt,
502 1851 659 1912 adductus
675 1872 758 1912 sum.

289 1954 407 2017 Codice
422 1955 521 2038 igitur
535 1954 747 2018 bibliothecae
760 1953 1005 2036 Bambergensis
1022 1955 1063 2034 (E
1079 1953 1147 2029 ΙΙΙ,
1166 1957 1220 2035 22)
1235 1951 1384 2016 inmem-
1476 1991 1482 2000 ·

215 2060 323 2126 branis
339 2061 441 2122 forma
456 2063 610 2143 quadrata
624 2061 747 2124 minore
763 2061 893 2142 scripto,
913 2058 1383 2123 continenturmssrrsrmsu

218 2184 378 2229 maroam
395 2168 522 2230 saeculo
537 2168 661 2231 decimo
677 2167 792 2250 scripta
811 2169 846 2249 (p
866 2168 980 2242 1-32‚
994 2167 1029 2228 cf
1039 2165 1162 2228 Iaeckii
1178 2165 1349 2248 descriptio
1366 2168 1382 2228 I

216 2277 314 2354 pte,
340 2275 441 2355 489);
472 2295 684 2338 ennvmmvsr
707 2294 799 2337 r'ssrr
823 2273 950 2335 saeculo
972 2271 1143 2335 undecimo
1171 2271 1326 2354 scriptum
1348 2273 1384 2353 (p

218 2383 364 2453 33-52,
390 2379 425 2440 cf
443 2381 626 2444 IaeckiusI
648 2403 671 2463 p
691 2387 768 2456 135,
798 2383 918 2460 1067);
943 2397 1122 2440 nrrrrrorm
1138 2397 1209 2439 rvnr
1225 2395 1323 2438 raom
1340 2397 1383 2438 nn
1446 2375 1450 2381 ’

196 2503 294 2564 ¹mro
309 2484 402 2546 nivro
425 2505 604 2550 nationvm
625 2505 763 2548 onnrvm
784 2504 951 2547 annorvm
968 2502 1273 2548 snrrrnonsroavn
1288 2501 1382 2543 marn

216 2609 251 2651 n·
266 2609 332 2651 nvo
348 2588 474 2650 saeculo
489 2609 574 2650 nono
590 2589 700 2671 scripti
716 2592 750 2671 (p
764 2593 923 2662 63-214,
940 2588 976 2648 cf
986 2587 1136 2649 Iaeckius
1151 2589 1169 2650 I
1184 2609 1206 2670 p
1221 2593 1272 2662 69,
1292 2589 1378 2665 528).

216 2695 243 2757 F
244 2693 304 2756 lori
319 2695 430 2770 codex,
448 2715 544 2776 quem
559 2703 588 2756 B
601 2693 725 2770 notaui,
744 2694 820 2756 satis
836 2694 918 2755 bcne
933 2691 1069 2775 scriptus
1085 2702 1144 2768 est,
1158 2695 1291 2756 sednon
1303 2713 1384 2755 sem-

216 2822 274 2882 per
289 2800 328 2861 ab
349 2801 460 2862 eadem
480 2822 590 2886 manu.
623 2801 670 2864 ita
693 2822 774 2883 quae
799 2799 835 2861 in
856 2800 916 2861 hac
938 2798 1079 2860 editione
1101 2821 1123 2880 p
1143 2807 1220 2875 105,
1238 2805 1255 2860 9
1281 2821 1383 2881 usquc

217 2910 292 2980 106,
321 2913 333 2966 1
353 2906 506 2988 leguntur
520 2907 669 2970 librarius
686 2906 831 2970 diuersus
848 2906 888 2967 ab
904 2926 941 2966 eo
956 2903 1013 2986 qui
1027 2904 1149 2987 reliqua
1164 2905 1292 2987 scripsit
1306 2926 1377 2987 pro·

216 3011 285 3093 prio
300 3013 438 3093 quodam
454 3013 612 3076 scribendi
627 3035 742 3096 genere
758 3011 914 3074 exarauit.
929 3009 1041 3073 multis
1057 3010 1135 3074 locis
1150 3010 1298 3073 librarius
1314 3010 1383 3092 ipsc

217 3117 353 3180 correxit
368 3140 448 3200 quac
463 3141 562 3202 praue
577 3119 720 3201 posuisse
736 3117 798 3180 sibi
814 3117 1001 3190 uidebatur3
1027 3118 1113 3198 quod
1134 3116 1181 3178 ita
1196 3137 1320 3209 semper
1335 3115 1382 3176 in·

218 3222 325 3285 dicaui
352 3234 390 3286 ut
412 3224 429 3284 b
450 3224 596 3305 adposito
616 3225 864 3306 notaremquod
882 3221 972 3304 prius
987 3220 1163 3303 scriptum,
1189 3230 1218 3283 B
1233 3222 1319 3303 quod
1335 3243 1382 3283 se-

217 3331 322 3391 cundo
343 3330 412 3391 loco
435 3328 612 3411 repositum
639 3338 706 3404 est;
733 3330 821 3392 haud
843 3351 914 3390 raro
936 3329 1094 3410 quaedam
1120 3327 1167 3389 ita
1193 3350 1283 3391 erasa
1308 3337 1385 3390 sunt

216 3444 255 3496 ut
269 3433 335 3495 iam
349 3433 414 3516 legi
428 3455 494 3496 non
519 3433 663 3517 possint,
695 3451 776 3517 quae
799 3434 957 3496 asteriscis
981 3432 1174 3516 significaui.
1209 3456 1313 3515 neque
1328 3432 1385 3494 ubi

217 3538 359 3602 secunda
384 3559 500 3600 manus
526 3542 682 3621 quaedam
697 3539 850 3614 correxit,
881 3541 968 3625 qnod
990 3539 1153 3602 interdum
1177 3540 1380 3613 factumest,

217 3665 465 3708 commemorare
491 3643 525 3706 id
558 3645 697 3728 neglexi.
752 3644 884 3708 omnino
918 3667 1043 3708 summa
1080 3667 1144 3727 qua
1178 3644 1250 3708 fieri
1274 3644 1382 3727 potuit

217 3747 386 3833 diligentia
414 3750 567 3814 adnotaui
598 3761 816 3834 quaecumque
836 3751 872 3813 in
901 3751 962 3813 hoc
991 3751 1099 3814 codice
1124 3753 1296 3835 leguntur,
1328 3773 1382 3812 ex-

217 3856 317 3938 ceptis
353 3844 545 3938 quibusdam
575 3857 849 3940 orthographicis,
886 3859 926 3920 de
959 3856 1075 3939 quibus
1106 3859 1216 3920 statim
1245 3857 1381 3932 dicetur,

217 3961 264 4025 ita
280 3973 317 4025 ut
332 3984 369 4024 ea
384 3984 467 4044 quae
482 3963 517 4025 in
533 3972 659 4026 textum
674 3963 779 4046 recepi
803 3965 915 4026 eodem
930 3964 1025 4027 modo
1040 3961 1076 4024 in
1090 3970 1119 4023 B
1134 3962 1199 4044 legi
1222 3965 1383 4025 censenda

217 4066 299 4143 sint,
325 4067 389 4130 nisi
412 4068 504 4131 aliter
527 4071 717 4131 adnotatum
739 4077 797 4130 cst.
838 4069 899 4132 hoc
920 4090 954 4131 re
976 4089 1053 4130 uera
1072 4067 1119 4129 ita
1141 4089 1174 4129 se
1197 4067 1314 4130 habere
1345 4078 1382 4135 st
1449 4137 1454 4144 ‚

217 4173 293 4236 satis
317 4177 515 4240 confidenter
543 4178 709 4242 adfirmem
743 4174 871 4237 Halmii
907 4172 1111 4256 potissimum
1147 4195 1224 4236 cura
1261 4172 1377 4234 effecit.

217 4279 281 4341 nisi
303 4283 388 4362 quod
410 4303 431 4364 p
450 4288 508 4358 37,
535 4287 572 4343 25
590 4281 758 4366 quicquam
781 4280 955 4365 legendum
978 4289 1045 4355 est,
1084 4290 1121 4343 ut
1142 4289 1171 4341 B
1186 4279 1303 4351 habet,
1334 4286 1381 4337 at-

218 4407 279 4469 que
301 4393 392 4469 por,
411 4374 440 4451 5¹
453 4389 674 4451 adnotandum
693 4397 761 4451 erat
776 4387 811 4450 in
827 4395 856 4449 B
870 4385 935 4468 legi
955 4408 1040 4470 aquo
1055 4384 1201 4460 ebiberim
1232 4388 1323 4464 pat,
1342 4385 1380 4439 29
