3300 5084
310 311 350 371 32
799 328 869 372 ivm
885 329 982 372 mour

395 474 527 538 Metello
542 474 641 557 igitur
656 475 785 538 consule
801 474 996 557 spirantibus
1017 475 1114 540 altius
1137 477 1255 542 Poenis
1275 489 1309 540 et
1327 477 1499 545 reuersoI

311 582 346 644 in
362 579 505 643 Siciliam
525 581 629 654 belle,
657 589 735 662 aput
758 580 979 643 Panhormum
999 581 1045 643 sic
1066 581 1173 644 hostes
1193 583 1308 646 cecidit
1332 605 1373 644 ne
1389 605 1453 644 am·

311 686 396 768 plius
422 707 492 747 eam
528 684 668 746 insulam
691 683 821 766 adgredi
843 685 1035 766 cogitarent,
1066 697 1291 768 argumentum
1316 687 1456 770 ingentis

311 790 464 852 uictoriae
479 799 611 851 centurn
632 787 757 850 circiter
772 789 1017 870 elephantorum
1041 790 1234 871 captiuitas,
1261 793 1307 854 sic
1332 814 1456 874 quoque

313 917 430 978 magna
444 892 603 975 praedasi
617 913 746 974 gregem
757 892 851 954 illum
861 914 928 954 non
939 895 1035 968 bello,
1053 897 1108 956 sed
1119 894 1292 958 uenatione
1309 897 1454 977 cepisset.
1477 910 1491 956 5

282 987 284 991 ¹
397 997 502 1079 Appio
518 997 653 1060 Claudio
669 998 798 1059 consule
813 1019 880 1058 non
894 998 934 1058 ab
949 997 1115 1072 hostibus,
1136 1000 1191 1060 sed
1207 1020 1226 1059 a
1239 977 1288 1060 dis
1307 999 1385 1080 ipsis
1406 1023 1457 1062 su-

313 1114 440 1185 peratus
455 1112 514 1176 est,
532 1121 667 1182 quorum
681 1098 824 1180 auspicia
839 1109 1090 1180 contempserat,
1116 1102 1156 1163 ab
1170 1101 1221 1164 his
1236 1102 1345 1164 statim
1359 1104 1459 1166 classe

314 1209 473 1280 demersa,
497 1205 554 1267 ubi
568 1205 623 1268 ille
638 1201 838 1286 praecipitari
851 1202 957 1283 pullos
971 1203 1124 1280 iusserat,
1148 1207 1233 1287 quod
1252 1226 1395 1288 pugnare
1417 1209 1457 1269 ab

313 1311 364 1373 his
379 1319 550 1372 uetaretur.

398 1414 508 1474 Marco
530 1413 630 1475 Fabio
651 1416 798 1475 Buteone
826 1415 957 1476 consule
977 1417 1110 1478 classem
1131 1416 1273 1480 hostium
1294 1417 1329 1478 in
1350 1416 1459 1485 Africo
1481 1430 1512 1478 10

313 1518 395 1580 mari
419 1528 497 1599 aput
522 1517 734 1600 Aegimurum
761 1517 901 1580 insulam
926 1517 962 1579 in
984 1520 1116 1583 Italiam
1139 1522 1225 1583 ultro
1250 1521 1459 1602 nauigantem

315 1622 440 1685 cecidit.
476 1633 678 1704 quantusque
693 1632 763 1683 tum
784 1621 965 1703 triumphus
988 1634 1176 1706 tempestate
1191 1625 1370 1700 intercidit,
1387 1647 1460 1688 cum

315 1729 468 1811 opulenta
481 1727 598 1809 praeda
612 1725 720 1790 classis
736 1726 877 1789 aduersis
900 1738 971 1788 acta
990 1729 1096 1792 uentis
1117 1731 1283 1812 naufragio
1304 1729 1459 1803 11011111-

316 1856 386 1896 cam
401 1843 433 1895 et
455 1813 557 1915 Syrtis
580 1842 612 1894 et
634 1829 779 1893 omnium
807 1829 1067 1896 interiacentium
1085 1832 1266 1896 insularum
1286 1833 1380 1896 litora
1401 1833 1459 1894 im-

315 1937 434 2020 plauit!
459 1958 576 2018 magna
591 1936 695 1997 clades
703 1981 713 2010 ‚
731 1935 786 1996 sed
800 1955 872 1996 non
882 1934 951 1996 sine
965 1936 1073 2017 aliqua
1092 1916 1245 2018 principis
1266 1937 1376 2018 populi
1391 1937 1459 2017 dig·
1482 1947 1513 1996 15

315 2042 434 2115 nitate,
458 2041 669 2120 interceptam
691 2048 880 2119 tempestate
895 2039 1064 2101 uictoriam
1078 2052 1111 2103 et
1126 2042 1327 2122 triumphum
1340 2040 1460 2122 perisse

316 2144 494 2226 naufragio.
510 2154 542 2206 et
557 2153 665 2204 tamen
677 2164 751 2204 eum
763 2143 905 2205 Punicae
916 2145 1051 2224 praedae
1067 2145 1216 2207 omnibus
1230 2144 1461 2226 promunturiis

317 2249 494 2330 insulisque
509 2247 684 2322 fluitarent,
700 2248 839 2328 populus
853 2249 1020 2310 Romanus
1035 2260 1067 2311 et
1082 2249 1127 2310 sio
1143 2249 1365 2329 triumphauit.

401 2333 533 2415 Lutatio
555 2351 672 2414 Catulo
697 2352 829 2414 consule
851 2353 982 2414 tandem
1000 2353 1085 2416 bello
1105 2352 1179 2413 finis
1201 2352 1359 2432 inpositus
1382 2362 1460 2433 aput

316 2459 451 2533 insulas,
469 2455 584 2538 quibus
599 2476 718 2516 nomen
732 2458 894 2538 Aegatae,
911 2478 970 2518 nec
984 2455 1086 2518 maior
1100 2455 1178 2517 alias
1192 2456 1228 2517 in
1243 2456 1323 2518 mari
1337 2477 1458 2538 pugna.
1482 2468 1515 2517 20

318 2565 426 2639 aderat
441 2560 557 2643 quippe
573 2560 801 2622 commeatibus
818 2559 960 2622 exercitu
981 2560 1229 2642 propugnaculis
1245 2560 1340 2622 armis
1355 2559 1462 2641 grauis

318 2667 426 2730 classis
448 2675 480 2738 et
503 2664 537 2726 in
560 2686 598 2726 ea
623 2663 713 2745 quasi
734 2674 802 2726 tota
823 2664 1001 2745 Carthag03
1031 2666 1116 2745 quod
1135 2663 1242 2744 ipsum
1263 2664 1362 2729 exitio
1387 2663 1460 2725 fuit.

317 2771 465 2832 Romana
479 2768 588 2830 classis
603 2777 750 2848 prompta
771 2767 854 2830 leuis
876 2768 1026 2849 expedita
1048 2779 1080 2830 et
1100 2770 1238 2850 quodam
1260 2790 1376 2850 genere
1398 2790 1463 2830 cas-

317 2873 433 2934 trensis
441 2875 482 2934 ad
495 2871 739 2934 similitudinem
754 2893 882 2954 pugnae
890 2871 1043 2953 equestris
1059 2872 1105 2933 sic
1118 2872 1212 2934 remis
1228 2871 1319 2953 quasi
1331 2872 1464 2933 habenis

319 2977 490 3058 agebatur,
514 2987 545 3038 et
561 2977 595 3038 in
610 2976 669 3038 hos
684 2976 738 3037 uel
752 2976 824 3038 illos
835 2976 920 3038 ictus
934 2974 1067 3036 mobilia
1081 2986 1183 3037 rostra
1196 2977 1336 3056 speciem
1350 2976 1463 3037 uiuen·
1483 2985 1517 3036 25

318 3081 401 3142 tium
414 3082 644 3164 praeferebant.
668 3081 777 3162 itaque
800 3091 964 3143 momento
985 3079 1137 3160 temporis
1153 3080 1309 3158 laceratae
1323 3079 1465 3142 hostium

319 3267 331 3315 1
347 3263 561 3332 conspirantibus
573 3262 657 3314 artius
668 3273 703 3314 BI
713 3229 722 3331 11
736 3265 751 3313 2
763 3279 922 3333 panormum
933 3275 949 3314 1
964 3262 974 3332 11
993 3269 1025 3314 ut
1043 3278 1077 3314 ne
1095 3261 1208 3332 amplius
1221 3261 1336 3314 insulam
1349 3260 1463 3313 concita-

208 3404 211 3410 ,
243 3405 247 3412 ,
316 3353 377 3400 rent
388 3359 413 3398 N
424 3347 432 3415 11
445 3349 459 3398 3
473 3347 597 3414 ingens!
607 3345 615 3415 11
630 3350 755 3414 tmagna
766 3346 866 3415 praeda
877 3347 900 3398 si
911 3363 1022 3415 gregem
1035 3364 1069 3407 ς.·
1094 3361 1192 3412 magna
1210 3345 1308 3412 praeda
1326 3361 1356 3395 ac
1369 3343 1392 3395 si
1403 3359 1463 3410 gre-

316 3447 378 3498 gem
389 3443 426 3494 N,
445 3447 556 3500 magnas
568 3430 680 3498 praedas
693 3429 749 3498 egit
760 3435 792 3482 ut
804 3447 914 3499 gregem
925 3441 961 3481 131
977 3429 985 3497 11
1005 3432 1020 3480 6
1033 3429 1128 3498 appius
1140 3427 1266 3479 claudius
1273 3428 1367 3479 consul
1381 3426 1416 3495 111
1429 3425 1463 3477 ab

316 3525 341 3565 N
351 3514 359 3583 11
379 3519 393 3565 7
407 3520 604 3584 contempserat
614 3513 653 3566 ibi
665 3513 755 3565 statim
767 3524 805 3564 IN
816 3513 824 3582 11
839 3515 854 3563 8
867 3513 982 3564 dimersa
993 3523 1009 3563 Ι
1019 3512 1028 3580 11
1041 3512 1090 3563 ubi
1101 3510 1163 3562 iliae
1174 3522 1200 3561 N
1210 3510 1218 3580 11
1231 3511 1407 3581 praecipitare
1420 3510 1435 3560 b
1448 3509 1457 3578 11

315 3597 403 3668 pollos
414 3610 434 3649 B
453 3599 461 3667 11
483 3602 513 3649 11)
525 3613 631 3649 marcus
647 3596 735 3648 fabius
754 3596 837 3647 buteo
854 3608 870 3648 Ι
886 3596 894 3665 11
915 3595 1025 3647 consule
1042 3612 1084 3645 om
1095 3594 1155 3663 2111
1175 3595 1286 3647 classem
1304 3595 1424 3647 hostium
1435 3594 1464 3645 in

316 3681 399 3732 africo
411 3681 478 3733 mari
490 3686 556 3749 aput
567 3680 734 3748 aegimurum
746 3678 800 3730 iam
811 3679 841 3731 in
852 3679 955 3732 italinn
967 3679 1038 3731 uitro
1050 3677 1225 3746 nauigantem
1237 3678 1335 3730 cecidit
1345 3689 1383 3739 N,
1398 3675 1463 3727 clas-

317 3780 373 3817 sem
390 3764 444 3815 iam
463 3763 491 3814 in
511 3763 593 3814 africo
605 3761 672 3814 mari
684 3768 750 3832 aput
762 3763 930 3830 aegimurum
946 3761 1066 3814 hostium
1083 3761 1112 3812 in
1124 3761 1227 3813 italiam
1245 3761 1317 3813 ultro
1334 3759 1464 3825 nauigan-

315 3851 371 3898 tem
390 3846 487 3897 cecidit
504 3858 539 3898 NI
550 3846 558 3915 11
574 3849 602 3897 11
617 3845 732 3898 insulam
743 3846 883 3914 Hauptius
895 3845 904 3914 11
920 3849 950 3897 12
963 3851 1081 3914 quantus
1093 3861 1109 3895 ο
1121 3851 1180 3896 tum
1190 3857 1225 3908 B,
1240 3849 1358 3913 quantus
1370 3846 1464 3892 otunc

315 3941 340 3980 N
350 3928 359 3996 11
375 3931 405 3979 13
419 3927 557 3996 opulentia
567 3941 593 3981 N
610 3929 619 3998 11
640 3931 671 3979 14
683 3929 755 3980 sirtis
767 3941 794 3992 N,
809 3935 895 3998 syrtes
912 3941 937 3982 N
954 3930 963 3998 11
983 3936 1011 3981 et
1022 3927 1076 3979 add
1085 3927 1221 3978 Bentleius
1239 3927 1311 3993 apud
1320 3923 1464 3975 Marklan-

316 4013 378 4062 dom
395 4012 431 4062 ad
448 4011 533 4064 surii
547 4012 630 4085 siluas
642 4029 681 4080 pr
693 4030 716 4080 p
727 4011 802 4079 111111
822 4011 1039 4065 interiacentium
1058 4011 1214 4062 Beothius:
1232 4006 1466 4076 imperiagentium

315 4107 369 4149 BIN
389 4094 397 4163 11
418 4098 448 4146 16
461 4095 610 4163 intercepta
620 4108 644 4147 N
655 4096 663 4164 11
677 4095 845 4164 11110111Ν11
858 4095 1021 4164 triumphob
1034 4095 1043 4164 11
1056 4094 1156 4162 perisse
1168 4110 1210 4143 om
1221 4104 1241 4143 B
1253 4092 1262 4160 11
1278 4094 1309 4142 18
1321 4091 1467 4143 frustraren-

316 4186 361 4231 tur
374 4185 402 4230 et
417 4178 555 4231 fluitarent
565 4190 591 4230 N
600 4178 610 4247 11
623 4182 655 4230 20
668 4184 759 4229 aeetae
770 4190 798 4241 Β,
813 4185 919 4230 secatae
931 4179 974 4243 rh,
989 4180 1083 4230 hecate
1094 4171 1134 4239 IP,
1149 4181 1241 4243 egates
1257 4186 1282 4226 N
1292 4174 1301 4243 11
1320 4176 1351 4225 21
1374 4172 1468 4223 aderat

316 4281 358 4314 om
369 4275 395 4314 N
410 4262 419 4331 11
438 4262 621 4316 comeantibus
639 4276 658 4314 B
681 4263 689 4331 11
708 4261 799 4330 grauis
818 4261 937 4317 hostium
950 4261 1041 4312 classis
1052 4271 1078 4325 N
1095 4258 1104 4327 1
1122 4262 1155 4309 21
1168 4258 1290 4310 abenisb
1309 4259 1317 4326 11
1337 4261 1369 4309 25
1382 4256 1427 4308 uel
1438 4256 1468 4306 in

315 4347 376 4399 illos
388 4345 499 4398 mobilia
509 4357 535 4396 N
545 4345 553 4414 11
