3300 5084
282 367 323 426 44
769 385 840 429 rvnr
856 386 954 430 meru

284 533 475 617 pertinebat.
500 534 554 596 hic
570 515 813 615 Lysimachiam.
831 537 943 598 urbem
958 534 1097 598 inlitora
1112 535 1251 599 Thracio
1266 537 1404 619 positam
1420 558 1439 599 a

283 637 458 704 maioribus
474 638 540 702 suis
550 639 731 705 Antiochus
745 651 781 703 ut
792 640 985 703 hereditario
996 639 1066 702 iure
1077 643 1252 723 repetebat.
1264 641 1332 706 ’hoc
1347 643 1439 705 uelut

284 745 386 809 sidere
401 743 537 807 Asiatici
550 744 628 808 belli
642 756 730 808 mota
745 755 929 829 tempestas.
962 756 1011 809 set
1024 745 1186 809 maximus
1207 769 1339 830 regum,
1363 770 1437 810 con·

286 861 393 915 tentus
409 850 534 914 fortiter
548 849 703 913 indixisse
717 853 852 927 bellum,
868 874 944 914 cum
958 851 1084 935 ingenti
1096 853 1233 936 strepitu
1244 874 1281 915 ac
1296 853 1439 915 tumultu

284 958 439 1024 mouisset
454 978 494 1018 ex
508 956 598 1032 Asia,
616 955 778 1038 occupatis
794 957 904 1020 statim
918 957 1034 1020 insulis
1054 958 1273 1040 Graeciaeque
1295 957 1444 1021 litoribus
1459 971 1474 1019 5

285 1063 351 1127 otia
366 1074 398 1126 et
412 1063 509 1125 luxus
525 1061 616 1144 qnasi
631 1061 734 1124 uictor
748 1061 903 1144 agitabat.
928 1064 1083 1126 Euboean
1103 1063 1244 1126 insulam
1260 1063 1440 1125 continenti

286 1169 512 1232 adhaerentem
527 1167 618 1229 tenui
632 1166 712 1229 freto
728 1167 999 1250 reciprocantibus
1012 1169 1103 1251 aquis
1110 1169 1252 1251 Euripus
1265 1167 1434 1230 abscindit.

284 1275 337 1336 hic
351 1274 407 1337 ille
421 1273 534 1356 positis
550 1271 653 1335 aureis
669 1272 841 1355 sericisque
856 1273 1002 1336 tentoriis
1014 1275 1075 1336 sub
1090 1273 1160 1356 ipso
1172 1274 1246 1338 freti
1260 1295 1437 1348 murmure,

285 1399 361 1442 cum
380 1379 592 1463 praefluentes
615 1399 716 1460 aquae
739 1377 827 1441 tibiis
847 1379 1028 1462 fidibusque
1048 1380 1274 1456 concinerent,
1302 1378 1438 1442 conlatis

285 1484 428 1568 undique
444 1484 591 1567 quamuis
605 1505 663 1566 per
677 1483 816 1548 hiemem
831 1484 924 1559 rosis,
940 1507 982 1547 ne
997 1507 1063 1546 uon
1078 1485 1186 1567 aliquo
1197 1507 1314 1568 genere
1324 1487 1439 1547 ducem
1460 1497 1492 1546 10

286 1600 406 1674 ageret,
423 1591 589 1673 uirginum
603 1613 837 1673 puerorumque
852 1590 989 1652 dilectus
1004 1589 1154 1652 hahebat.
1180 1591 1279 1653 talem
1300 1612 1376 1673 ergo
1390 1612 1437 1652 re·

285 1717 360 1779 gem
374 1696 439 1758 iam
452 1695 582 1759 luxuria
597 1719 656 1759 sua
670 1696 866 1760 debellatum
880 1694 985 1759 Acilio
1001 1695 1177 1759 Glabrione
1192 1697 1323 1759 consule
1336 1717 1437 1778 popu-

286 1799 338 1861 lus
353 1799 521 1864 Romanus
535 1801 572 1862 in
585 1800 694 1864 insula
709 1803 879 1884 adgressus
893 1800 963 1885 ipso
979 1801 1090 1865 statim
1111 1803 1270 1865 aduentus
1286 1801 1337 1864 sui
1351 1823 1435 1864 nun·
1500 1789 1505 1792 ¹

287 1903 332 1968 tio
347 1906 451 1990 coegit
466 1907 505 1969 ab
520 1905 628 1970 insula
642 1906 762 1990 sugere.
788 1918 860 1970 tum
878 1907 1086 1990 praecipitem
1105 1919 1185 1990 aput
1206 1907 1438 1991 Thermopylas

286 2005 474 2088 adsecutus,
497 2013 605 2076 locum
620 2021 833 2075 trecentorum
855 2015 1022 2075 Laconum
1044 2014 1187 2096 speciosa
1206 2014 1296 2077 clade
1318 2035 1437 2076 memo-
1460 2025 1491 2074 15

285 2118 440 2193 randum,
467 2139 508 2181 ne
534 2118 581 2183 ibi
601 2117 731 2201 quidem
752 2117 873 2179 fiducia
887 2118 951 2181 loci
972 2118 1175 2182 resistentem
1195 2119 1276 2181 mari
1298 2122 1439 2182 aeterra

286 2222 397 2284 cedere
411 2223 525 2306 co'egit.
551 2224 661 2286 statim
676 2232 708 2285 et
723 2244 740 2285 e
755 2221 895 2304 uestigio
915 2222 982 2284 itur
995 2222 1031 2284 in
1055 2224 1192 2306 Syriam.
1217 2223 1328 2286 classis
1350 2223 1438 2304 regia

286 2326 504 2410 Polyxenidae
526 2328 743 2411 Annibalique
764 2327 939 2390 commissa
960 2310 1004 2372 ἕ
1021 2349 1098 2389 nam
1111 2350 1175 2414 ,rex
1198 2326 1356 2408 proelium
1376 2346 1437 2386 nec

286 2443 428 2514 spectare
439 2443 576 2516 poterat,
586 2471 625 2482 --
636 2433 862 2497 duceAemilio
869 2431 1010 2514 Regillo,
1021 2429 1437 2514 adremigantibusRhodiis

176 2561 178 2568 ’
286 2547 354 2601 tota
368 2539 535 2602 laceratur.
560 2561 601 2600 ne
617 2538 679 2601 sibi
699 2540 849 2621 placeant
869 2538 1035 2600 Athenae!
1060 2537 1095 2600 in
1115 2536 1278 2600 Antiocho
1297 2535 1437 2600 uicimus
1457 2549 1490 2598 2ο

286 2644 437 2720 Xerxen,
461 2644 496 2705 in
511 2643 649 2707 Aemilio
660 2643 854 2706 'Alcibiaden
869 2642 1096 2725 aequanimus,
1121 2642 1250 2727 Epheso
1273 2642 1438 2706 Salamina

285 2749 504 2831 pensauimus
529 2757 600 2811 tum
615 2748 746 2811 consule
762 2747 924 2830 Scipione,
941 2749 994 2812 cui
1009 2749 1124 2826 frater,
1148 2748 1205 2810 ille
1225 2748 1320 2811 modo
1334 2748 1438 2811 uictor

286 2851 492 2934 Carthaginis
506 2852 690 2929 Africanus,
708 2855 817 2917 aderat
832 2854 1018 2918 uoluntaria
1031 2853 1205 2938 legatione,
1222 2853 1375 2916 debellari
1389 2876 1437 2916 re·

284 2977 358 3039 gem
372 2956 488 3037 placet.
513 2967 547 3019 et
566 2946 632 3020 iam
652 2967 719 3022 toto
741 2970 880 3022 cesserat
900 2961 1002 3037 mari,
1030 2963 1087 3024 sed
1107 2983 1166 3023 nos
1187 2959 1273 3022 imus
1288 2957 1434 3021 ulterius.

285 3062 498 3124 Maeandrum
519 3063 560 3124 ad
581 3084 709 3127 amnem
729 3075 936 3149 montemque
964 3066 1113 3149 Sipylum
1134 3055 1238 3128 castra
1258 3074 1434 3147 ponuntur.
1458 3076 1491 3125 25

284 3165 337 3230 hic
352 3188 427 3241 rex,
443 3165 630 3231 incredibile
646 3170 736 3233 dictu
751 3171 868 3254 quibus
884 3171 1032 3248 auxiliis,
1057 3171 1175 3254 quibus
1191 3170 1311 3254 copiis,
1328 3175 1437 3232 conse-

284 3272 384 3333 derat.
410 3281 553 3335 trecenta
567 3273 659 3337 milia
672 3275 836 3360 peditum,
859 3270 1005 3361 equitum
1019 3276 1273 3359 falcatorumque
1287 3296 1440 3337 curruum

283 3397 348 3440 non
364 3377 469 3441 minor
484 3399 650 3444 numerus.
676 3381 860 3466 elephantis
876 3385 917 3446 ad
933 3383 994 3446 hoo
1008 3382 1174 3446 inmensae
1189 3379 1437 3466 magnitudinis,

282 3672 297 3720 3
311 3669 429 3722 asiastici
440 3667 512 3721 bella
522 3679 548 3722 Ν
558 3667 567 3738 11
580 3676 622 3722 set
632 3669 850 3723 Freinshemius:
864 3676 892 3723 et
903 3682 945 3735 ΒΝ
963 3670 973 3741 11
985 3675 1002 3723 4
1014 3670 1146 3724 indixisse
1167 3672 1312 3721 contentus
1332 3665 1437 3719 fortiter

282 3752 423 3806 induxisse
434 3752 536 3806 bellum
542 3767 570 3818 Β,
585 3761 737 3808 conuentus
745 3754 852 3807 fortiter
864 3753 1104 3808 indiiissebellum
1111 3765 1137 3806 Ν
1147 3754 1156 3824 11
1169 3770 1231 3805 cum
1238 3761 1305 3802 omB
1318 3749 1327 3819 1
1340 3754 1356 3803 6
1368 3757 1435 3802 tam·

283 3855 363 3907 quam
374 3838 462 3890 uictor
473 3850 499 3890 Ν
509 3840 517 3909 11
531 3841 661 3892 euboeam
672 3851 698 3892 Ν
708 3839 716 3908 11
731 3843 745 3891 7
758 3839 848 3892 tenuit
858 3839 902 3909 Ν1
915 3840 1031 3893 abscidit
1038 3852 1082 3892 ΒΝ
1093 3839 1101 3909 11
1116 3843 1131 3892 8
1145 3838 1285 3906 siricisque
1296 3849 1315 3888 B
1328 3835 1337 3905 1
1350 3837 1365 3886 9
1378 3850 1437 3903 pre-

282 3923 396 3976 fluentes
402 3939 446 3992 aq.
453 3923 528 3977 tibiis
533 3937 561 3989 B,
570 3923 822 3978 interfluentatibiis
831 3923 876 3993 Ν1
889 3925 1039 3978 contineret
1050 3937 1076 3978 Ν
1086 3925 1094 3994 1
1111 3928 1141 3977 10
1154 3921 1265 3992 aliquod
1277 3936 1375 3990 genere
1387 3918 1437 3971 du-

283 4025 341 4060 cem
347 4014 492 4076 genereth,
507 4009 598 4079 aliquo
605 4009 705 4063 ducum
713 4025 812 4078 genere
824 4004 905 4079 agere
918 4009 1087 4062 uidereturN
1097 4008 1106 4078 11
1121 4013 1152 4060 12
1161 4025 1210 4060 sua
1221 4003 1379 4072 luxuriattll
1392 4004 1437 4056 de·

281 4091 412 4144 bellatum
420 4093 536 4162 populus
542 4111 671 4150 romanus
677 4094 756 4148 acilio
769 4094 909 4164 glabrione
922 4094 1033 4147 consule
1045 4094 1106 4146 inrt
1116 4093 1125 4162 11
1140 4096 1170 4144 14
1180 4103 1267 4144 cuma
1280 4090 1289 4159 1
1306 4093 1335 4142 15
1343 4096 1446 4141 trecen-

281 4177 349 4230 tisN
359 4176 368 4246 11
381 4177 495 4248 seden'ss
510 4181 541 4229 17
550 4179 668 4250 etelel
682 4178 779 4232 clausis
791 4179 893 4250 stragia
903 4191 928 4230 Ν
939 4177 948 4246 1
964 4181 994 4230 18
1006 4177 1197 4248 polyxenidin
1207 4175 1216 4245 1
1232 4179 1377 4246 l9poterat
1387 4172 1438 4241 igi-

202 4255 204 4260 ’
281 4269 326 4314 tur
333 4261 432 4314 ducet!
444 4262 453 4332 11
467 4266 500 4315 20
507 4263 728 4332 placeathanacN
740 4262 749 4333 11
762 4266 791 4315 21
803 4275 925 4317 xersenB
936 4263 946 4332 11
959 4262 1142 4315 alcibiademB
1155 4261 1164 4331 11
1177 4259 1300 4314 efesiistt
1309 4259 1318 4330 1
1332 4262 1439 4329 221161]-

281 4363 371 4400 samus
382 4359 408 4399 Ν
418 4348 427 4416 11
441 4350 472 4400 23
486 4347 641 4401 uoluntaria
652 4349 792 4418 legatione
804 4349 900 4402 aderat
910 4360 935 4401 Ν
945 4349 954 4417 11
968 4351 1000 4400 25
1013 4345 1129 4416 sipylum
1142 4353 1170 4400 et
1181 4345 1280 4416 spilum
1292 4350 1381 4398 castra
1392 4354 1416 4396 Ν
1426 4344 1436 4412 1

226 4441 228 4445 ·
282 4433 314 4481 27
327 4430 536 4501 falcatoremque
547 4443 567 4484 B
579 4432 588 4502 1
