3300 5084
204 357 208 364 ·
263 320 304 383 76
535 339 605 383 rvnr
621 339 719 382 suoru
735 334 885 381 nmroun
897 339 922 392 1,
939 330 972 380 46
991 315 1061 400 [111-,
1080 317 1137 401 12].

261 474 458 570 ¹Pergameni
480 487 564 570 regis
585 486 757 550 hereditas
790 487 865 549 illae
887 509 962 570 opes
980 479 1081 570 'atquc
1106 485 1240 549 diuitiae
1268 486 1420 550 adflixere

265 593 384 658 saeculi
399 614 514 668 mores,
531 615 730 675 mersamque
745 591 835 654 uitiis
851 592 917 659 suis
933 593 1025 683 quasi
1039 593 1168 655 sentina
1181 613 1250 655 rem
1257 591 1420 674 publicam

264 721 394 782 pessum
406 700 530 780 dedere.
555 700 642 760 unde
658 697 743 760 enim
759 699 898 779 populus
910 698 1076 761 Romanus
1092 720 1112 759 a
1124 697 1264 762 tribunis
1280 719 1372 779 agros
1387 706 1420 759 et

265 804 384 868 cibaria
398 804 558 886 flagitaret
573 803 636 865 nisi
650 824 706 885 per
720 803 839 865 famem
854 824 951 884 quam
968 804 1066 865 luxus
1088 803 1224 866 fecerat?
1246 802 1324 864 hinc
1346 825 1421 886 ergo

266 909 473 972 Gracchanae
494 908 598 990 prima
619 917 652 970 et
674 909 814 969 secunda
836 919 868 968 et
887 907 945 969 illa
974 907 1069 970 tertia
1088 908 1418 990 Apuleiana-seditio.
1444 920 1460 969 5

266 1017 353 1078 unde
369 1014 544 1078 iudiciariis
559 1013 684 1096 legibus
701 1011 849 1074 diuulsus
865 1013 904 1074 ab
921 1023 1035 1076 senatu
1050 1036 1147 1095 eques
1168 1013 1233 1075 nisi
1256 1034 1297 1075 ex
1318 1013 1421 1074 auari-

240 1189 244 1192 ,
267 1119 324 1195 tia,
342 1131 380 1182 ut
395 1119 569 1202 uectigalia
582 1118 628 1180 rei
642 1115 791 1200 publicae
807 1127 903 1198 atque
918 1117 989 1200 ipsa
1010 1119 1130 1181 iudicia
1151 1118 1186 1181 in
1207 1128 1344 1199 quaestu
1365 1117 1421 1180 ha-

265 1224 438 1288 berentur?
453 1224 530 1286 hinc
545 1224 672 1286 Drusus
688 1232 720 1284 et
734 1222 892 1304 promissa
907 1223 1021 1285 ciuitas
1033 1223 1127 1286 Latio
1142 1233 1175 1285 et
1189 1245 1246 1305 per
1259 1222 1320 1285 hoc
1336 1240 1423 1285 arma

267 1329 435 1394 sociorum.
460 1328 538 1411 quid
559 1327 686 1391 autem?
708 1328 794 1418 bella
814 1328 944 1390 seruilia
966 1330 1053 1391 unde
1075 1329 1167 1408 nobis
1188 1328 1251 1390 nisi
1267 1349 1308 1390 ex
1322 1329 1422 1390 abun·

179 1439 187 1454 '
266 1435 379 1498 dantia
402 1431 614 1504 familiarum?
648 1434 734 1494 unde
760 1433 943 1515 gladiatorii
971 1436 1143 1496 aduersum
1171 1430 1317 1496 dominos
1347 1456 1421 1496 suos
1444 1446 1476 1494 10

267 1539 444 1616 exercitus,
473 1539 536 1602 nisi
557 1539 598 1600 ad
619 1537 857 1600 conciliandum
872 1539 975 1622 plebis
997 1528 1140 1601 fauorem
1155 1539 1255 1600 effusa
1281 1537 1421 1622 largitio,

268 1648 346 1707 dum
356 1643 551 1728 «spectaculis
567 1643 733 1725 indulget,
752 1644 912 1725 supplicia
926 1646 1088 1726 quondam
1103 1643 1247 1706 hostium
1262 1653 1363 1706 artem
1377 1643 1423 1704 fa-

268 1749 371 1814 ceret?
383 1750 448 1814 iam
456 1761 493 1812 ut
505 1748 694 1831 speciosiora
705 1749 787 1810 uitia
797 1759 981 1831 tangamus,
995 1771 1103 1812 nonne
1115 1742 1253 1811 ambitus
1265 1749 1425 1831 honorum

270 1857 309 1918 ab
324 1855 427 1918 isdem
442 1853 565 1916 diuitiis
581 1853 778 1918 concitatus?
802 1855 917 1936 atquin
931 1854 1007 1916 inde
1023 1855 1181 1930 Mariana,
1198 1855 1274 1917 inde
1290 1848 1425 1916 Sullana
1506 1845 1509 1848 ⁴

269 1971 454 2043 tempestas.
480 1969 536 2022 aut
551 1959 741 2041 magnificus
758 1959 1168 2050 apparatus—conuiuiorum
1183 1970 1215 2022 et
1235 1970 1424 2041 sumptuosa
1446 1971 1478 2020 15

180 2143 183 2146 Ι
273 2065 400 2148 largitio
415 2087 482 2128 non
497 2065 536 2126 ab
552 2064 717 2147 opulentia
733 2065 877 2147 paritura
897 2087 973 2127 mox
994 2065 1188 2146 egestatem?
1211 2066 1291 2128 haec
1314 2064 1425 2127 Catili·

274 2191 350 2232 nam
365 2169 485 2251 patriae
502 2192 577 2232 suae
593 2169 728 2252 inpegit.
754 2169 892 2251 denique
907 2169 964 2230 illa
978 2169 1047 2250 ipsa
1061 2169 1262 2252 principatus
1278 2180 1311 2232 et
1326 2169 1425 2231 domi.

266 2275 374 2338 nandi
400 2274 516 2357 cupido
542 2277 628 2340 unde
654 2275 718 2337 nisi
744 2297 784 2336 ex
809 2272 919 2350 nimiis
943 2274 1057 2356 opibus
1077 2275 1189 2337 uenit?
1212 2274 1326 2356 atquin
1348 2275 1427 2335 haec
1482 2275 1485 2277 ’

275 2383 444 2444 Caesarem
467 2390 561 2463 atquc
584 2381 776 2461 Pompeium
796 2379 964 2441 furialibus
986 2379 1020 2442 in
1046 2378 1182 2441 exitium
1208 2378 1255 2442 rei
1279 2378 1427 2462 publicae

274 2487 398 2550 facibus
421 2486 568 2550 armauit.
600 2485 658 2548 hos
685 2485 784 2568 igitur
805 2485 909 2546 omnis
931 2484 1122 2547 domesticos
1142 2494 1249 2548 motus
1265 2493 1427 2568 separatos
1447 2495 1481 2543 20

276 2593 315 2668 ab
332 2593 471 2662 extemis
487 2591 643 2674 iustisque
658 2590 751 2654 bellis
768 2612 808 2653 ex
823 2589 933 2654 ordine
948 2613 1184 2674 persequemur.

276 2859 373 2932 lluxu
385 2871 410 2912 N
420 2858 429 2928 ll
444 2863 457 2910 5
472 2859 642 2912 Gracchanae
658 2859 755 2926 compsi
760 2880 769 2910 :
783 2860 935 2928 gracchana
946 2866 974 2912 et
985 2873 1012 2924 B,
1028 2861 1160 2913 eracliana
1172 2867 1200 2912 et
1210 2872 1236 2912 N
1246 2859 1254 2929 ll
1268 2857 1428 2928 appuleiana

211 2946 214 2952 '
272 2956 292 2996 B
305 2942 313 3012 Η
334 2947 349 2994 6
362 2942 436 2994 unde
449 2943 499 2994 edd
515 2947 586 2994 cett:
605 2943 669 2995 inde
680 2954 708 3004 Β,
723 2961 765 2994 om
776 2955 801 2993 N
810 2943 896 3010 spate'o
908 2943 1008 2995 macore
1020 2945 1111 2996 relicto
1124 2945 1133 3012 ll
1147 2951 1175 2996 at
1186 2956 1220 3007 Β,
1235 2956 1288 2995 aN
1297 2942 1306 3012 ΙΙ
1320 2946 1334 2992 1
1348 2941 1427 2992 uicti-

274 3027 345 3097 galia
356 3038 381 3078 N
392 3026 401 3094 ΙΙ
414 3034 556 3094 quaestum
567 3039 587 3078 Β
600 3026 608 3094 ll
623 3029 637 3078 8
656 3025 720 3077 hinc
732 3043 825 3078 rursus
843 3038 869 3076 N
879 3026 888 3095 ΙΙ
905 3029 934 3078 10
952 3027 1124 3080 familiarium
1140 3040 1160 3080 Β
1173 3028 1182 3096 ΙΙ
1195 3027 1326 3079 aduersus
1335 3037 1361 3076 Ν
1371 3023 1380 3093 ll
1394 3027 1424 3075 -ll

275 3120 303 3164 at
313 3124 333 3164 Β
346 3111 354 3180 ΙΙ
370 3114 400 3162 12
413 3128 474 3163 cum
485 3123 510 3163 Ν
521 3111 529 3180 ll
543 3116 628 3163 artem
639 3110 740 3161 faceret
751 3109 861 3176 scrqrsi:
882 3116 939 3162 arte
951 3110 1038 3170 fecere
1049 3125 1083 3176 Β,
1104 3118 1189 3164 artem
1207 3111 1315 3163 facit'N
1325 3109 1333 3179 ll
1350 3113 1380 3160 14
1393 3109 1427 3160 ad

275 3209 294 3248 Β
307 3195 315 3264 ll
331 3199 362 3247 14
372 3195 478 3246 hisdem
489 3207 514 3247 Ν
525 3195 533 3266 ΙΙ
547 3195 675 3247 incitatus
687 3205 712 3245 Ν
723 3193 731 3263 ll
745 3193 849 3263 syllana
859 3207 879 3244 Β
892 3194 900 3263 ΙΙ
916 3197 946 3246 16
959 3196 1145 3264 hopulentiaB
1158 3196 1166 3266 ll
1180 3195 1329 3248 catillinam
1341 3207 1359 3246 Β
1372 3194 1381 3264 ll
1397 3197 1427 3246 18

275 3279 356 3332 nimis
368 3291 393 3332 N
403 3279 412 3349 ll
425 3278 527 3348 adquin
538 3292 565 3333 N
574 3279 583 3350 {l
597 3283 629 3331 Ν)
643 3295 735 3331 omnes
750 3290 769 3331 c
782 3277 790 3348 ll
804 3282 834 3330 21
849 3292 986 3333 nrmour
998 3282 1053 3334 nh
1071 3281 1151 3334 Flhn
1169 3294 1207 3333 nn
1224 3293 1291 3348 ruo
1303 3281 1376 3332 Evro
1388 3276 1432 3332 ΒΕ

245 3363 249 3368 ’
278 3377 309 3418 ·1·
323 3365 455 3419 uxelldr·
469 3365 510 3434 cl
