3300 5084
306 304 346 368 48
651 363 654 372 ,
784 327 855 371 1vn1
872 327 969 372 snum

209 525 211 530 .
306 477 379 540 culo
394 457 538 539 triduum
552 474 744 557 impleuerit.
769 475 893 558 primus
908 475 978 544 dies
993 475 1086 558 signa
1101 477 1304 560 tabulasque,
1321 498 1458 559 sequens

306 603 395 644 arma
409 569 581 663 pecuniam
597 581 788 657 transumit,
805 582 920 646 tertius
936 581 1081 664 captiuos
1096 573 1267 666 ipsumque
1281 592 1389 666 regem
1404 585 1458 646 ad-

306 686 448 749 tonitum
464 687 569 762 adhuc
586 696 750 768 tamquam
765 687 873 751 subito
893 688 979 750 malo
1002 698 1034 750 et
1057 698 1251 771 stupentem.
1277 691 1337 751 sed
1355 689 1459 752 multo

305 791 393 874 prius
408 791 564 874 gaudium
578 792 731 856 uictoriae
747 793 891 876 ,populus
914 794 1082 857 Romanus
1103 816 1202 876 quam
1222 793 1370 875 epistulis
1393 793 1459 857 uic-

305 896 382 960 toris
398 880 610 979 praeceperat:
640 897 759 981 quippe
774 899 887 961 eodem
907 897 979 974 die,
1002 920 1066 980 quo
1087 899 1194 961 uictus
1216 910 1265 961 est
1287 901 1400 963 Perses
1421 900 1455 962 in
1477 913 1492 961 5

305 1001 515 1078 Macedonia,
544 1004 666 1066 Romae
693 1003 860 1086 cognitum
880 1015 948 1080 est,
971 1026 1046 1068 cum
1066 1007 1131 1068 duo
1152 1004 1288 1070 iuuenes
1314 1004 1459 1067 candidis

305 1107 395 1189 equis
411 1109 497 1190 apud
512 1109 668 1172 Iuturnae
683 1108 790 1171 lacum
803 1110 973 1192 puluerem
994 1122 1027 1172 et
1048 1132 1191 1173 cruorem
1213 1109 1397 1188 abluebant.
1422 1109 1458 1172 hi

305 1211 513 1282 nuntiauere„
533 1215 698 1278 Castorem
714 1225 746 1278 et
761 1215 929 1278 Pollucem
943 1214 1043 1278 fuisse
1058 1215 1218 1278 creditum
1231 1215 1348 1296 uolgo,
1371 1217 1459 1297 'quod

304 1317 425 1401 gemini
440 1318 577 1384 fuissent
584 1343 593 1394 ;
616 1318 803 1392 interfuisse
817 1321 921 1396 bello,
943 1322 1029 1403 quod
1052 1320 1212 1404 sauguine
1231 1314 1398 1384 maderent
1405 1344 1415 1394 ;
1440 1342 1460 1382 a
1626 1400 1627 1417 ¹

305 1411 496 1494 Macedonia
511 1425 632 1502 uenire,
650 1427 735 1508 quod
750 1425 858 1488 adhuc
872 1427 1070 1490 anhelarent.
1480 1438 1511 1486 10
1626 1430 1627 1435 ’

411 1627 600 1732 xxrnn:
624 1670 809 1733 nnnnvu
825 1670 1084 1734 innrnrcvn
1100 1669 1360 1736 snovnnvn.

196 1877 236 1931 11,
254 1858 291 1920 13
305 1853 505 1919 Macedonici
519 1854 596 1918 belli
611 1855 758 1938 contagio
774 1856 873 1920 traxit
889 1856 1017 1939 Illyrios
1026 1881 1035 1932 ;
1061 1857 1089 1920 si
1111 1856 1260 1939 quidem,
1282 1865 1319 1918 ut
1340 1856 1458 1917 Roma-

305 1982 386 2023 num
400 1984 420 2024 a
433 1971 523 2043 tergo
544 1960 790 2042 distringerent,
814 1984 834 2024 a
850 1964 947 2025 Perse
968 1984 1042 2045 rege
1057 1962 1209 2025 conducti
1223 1960 1362 2044 pecunia
1375 1951 1458 2021 mili-

305 2075 468 2128 tauerunt.
504 2064 573 2126 sine
595 2087 684 2127 mora
705 2066 745 2128 ab
765 2065 882 2128 Anicio
903 2077 1047 2148 praetore
1069 2067 1274 2148 subiguntur.
1307 2053 1459 2129 Scodram

306 2179 403 2253 caput
416 2167 522 2250 gentis
538 2170 660 2232 delesse
675 2170 816 2244 suffecit;
842 2171 952 2232 statim
974 2153 1084 2233 secuta
1097 2171 1218 2234 deditio
1237 2183 1296 2233 est.
1320 2170 1459 2252 denique
1481 2181 1511 2231 15

305 2276 366 2337 hoc
376 2273 497 2338 bellum
512 2284 587 2336 ante
598 2274 728 2337 finitum
742 2287 790 2336 est
805 2294 903 2356 quam
917 2274 985 2355 geri
999 2276 1122 2336 Romae
1137 2274 1352 2338 nuntiaretur.

427 2531 544 2593 XXX.
569 2531 754 2596 BELLVM
769 2530 1110 2594 MACEDONICVM
1127 2516 1345 2592 TERTIVM.
1461 2554 1464 2559 ’

200 2759 240 2812 11,
257 2741 296 2800 14
309 2736 458 2804 Quodam
472 2733 558 2809 fato,
576 2732 667 2814 quasi
682 2731 729 2794 ita
743 2732 948 2797 conuenisset
962 2733 1047 2796 inter
1062 2736 1187 2799 Poenos
1210 2743 1243 2795 et
1263 2732 1457 2795 Macedonas

307 2849 345 2903 ut
358 2838 452 2902 tertio
468 2859 592 2920 quoque
607 2837 833 2928 uincerentur‚
857 2840 970 2902 eodem
989 2850 1130 2922 tempore
1145 2823 1272 2920 utrique
1282 2855 1376 2900 'arma
1390 2857 1456 2898 mo·

306 2954 435 3007 uerunt,
461 2944 518 3006 se'd
531 2942 617 3026 prior
632 2943 747 3027 iugum
761 2944 884 3007 excutit
899 2945 1054 3020 Macedo,
1080 2943 1245 3026 aliquanto
1265 2965 1362 3025 quam
1382 2950 1456 3004 ante
1477 2952 1511 3001 20

188 3099 192 3107 „
305 3031 456 3133 grauior,
488 3051 567 3111 dum
596 3049 823 3113 contemnitur.
869 3072 968 3113 causa
995 3049 1072 3112 belli
1100 3072 1199 3133 prope
1228 3049 1454 3128 erubescenda.

306 3155 425 3238 quippe
446 3176 581 3237 regnum
603 3154 722 3237 pariter
742 3165 774 3217 et
793 3156 917 3218 bellum
936 3155 988 3219 uir
1008 3155 1143 3218 ultimae
1165 3155 1259 3219 sortis
1280 3153 1457 3217 Andriscus

305 3260 481 3336 inuaserat,
498 3260 633 3323 dubium
644 3260 724 3323 liber
737 3283 779 3322 an
795 3283 920 3337 seruus,
936 3262 1175 3325 mercennarius
1190 3272 1293 3336 certe3
1312 3262 1367 3323 sed
1382 3258 1458 3342 quia

305 3366 405 3449 uirlgo
420 3387 461 3428 ex
475 3363 687 3428 similitudine
703 3366 849 3449 Philippi
864 3369 980 3430 Persae
1002 3366 1062 3430 filii
1085 3366 1379 3450 Pseudophilippus
1401 3387 1456 3427 uo·
1490 3376 1495 3384 ’

306 3472 455 3546 cabatur,
472 3471 593 3554 regiam
607 3472 760 3547 formam,
778 3471 904 3554 regium
918 3489 1054 3548 nomen,
1071 3473 1216 3535 animum
1231 3493 1358 3555 quoque
1371 3469 1456 3552 regis
1477 3482 1510 3531 25

306 3577 463 3661 impleuit.
493 3575 593 3658 igitur
616 3577 694 3638 dum
714 3578 793 3639 haec
815 3576 885 3660 ipsa
907 3577 1248 3660 contemnit'populus
1276 3579 1455 3651 Romanus,

307 3682 460 3746 quentio
474 3692 618 3764 praetore
634 3692 823 3757 contentus,
846 3682 955 3746 uirum
969 3705 1036 3747 non
1058 3682 1276 3747 Macedonicis
1291 3683 1386 3746 modo
1401 3682 1457 3744 sed

1043 3825 1063 3867 lt

305 3962 320 4010 2
333 3959 460 4028 pecunias
471 3971 497 4011 N
507 3959 516 4031 11
529 3961 543 4011 3
557 3966 585 4012 et
597 3976 638 4010 om
649 3969 675 4010 N
685 3957 694 4027 11
709 3961 723 4008 5
733 3957 806 4026 quod
820 3957 835 4008 ὂ
846 3958 857 4028 11
871 3961 885 4010 7
896 3958 1021 4015 iuturnae
1033 3973 1058 4012 N
1068 3960 1078 4030 11
1091 3963 1106 4012 8
1119 3960 1205 4028 uulgo
1216 3971 1236 4011 Β
1248 3958 1257 4028 1
1270 3961 1286 4010 9
1297 3956 1458 4010 madherent
1499 3923 1501 3933 Ι

304 4056 330 4096 Ν
340 4043 349 4113 11
364 4046 392 4096 ll
408 4055 562 4100 rnLIRIch
573 4057 599 4097 Ν
609 4043 618 4113 11
632 4055 782 4096 sscvnnvn
789 4054 863 4095 omN
872 4044 881 4115 1
897 4048 927 4097 12
940 4043 1081 4096 macedoni
1091 4055 1118 4097 Ν
1127 4043 1136 4113 11
1149 4043 1241 4113 illyres
1252 4055 1279 4094 Ν
1288 4043 1301 4113 1
1310 4043 1334 4095 si
1346 4041 1456 4111 quidem

306 4214 368 4267 dam
380 4227 405 4266 Ν
415 4214 424 4284 11
439 4218 469 4266 17
483 4226 610 4266 uultum(
623 4230 664 4264 om
674 4223 701 4264 N
710 4212 719 4281 11
732 4215 765 4264 20
778 4217 836 4264 arte
846 4224 872 4264 N
882 4212 892 4282 11
904 4216 938 4264 24
956 4212 1040 4282 uulgo
1058 4211 1198 4281 philippus
1214 4227 1307 4281 persae
1318 4211 1391 4264 filius
1408 4228 1456 4264 uo-

306 4299 417 4352 cabatur
434 4312 467 4362 Β,
489 4297 575 4366 uulgo
587 4297 727 4367 philippus
744 4314 778 4349 ex
796 4296 974 4350 similitudine
985 4295 1100 4367 philippi
1113 4297 1327 4367 pseudofilippus
1340 4296 1464 4350 nocebo--

252 4382 255 4388 '
305 4391 351 4434 tur
361 4396 387 4436 N
397 4383 406 4453 11
419 4386 452 4435 25
465 4381 555 4434 animo
574 4398 682 4451 quoque
700 4380 775 4451 regio
795 4393 820 4433 N
831 4384 840 4452 1
853 4386 885 4434 Ἡ
899 4386 1069 4450 contemptus
1080 4395 1106 4435 N
1116 4384 1124 4453 11
