3300 5084
511 337 664 381 srmone
674 339 699 394 1,
717 330 828 382 24-26
846 319 899 404 [11,
917 319 1037 404 8-1o].
1313 325 1354 384 45

195 505 273 546 auro
287 505 430 566 purpura
451 496 584 568 argento
606 497 638 550 et
659 510 717 551 suo
739 489 833 556 ebore
854 488 1054 574 fulgentibus
1070 488 1170 552 aciem
1192 491 1353 574 utrimque

80 652 82 656 .
195 590 385 654 uallauerat.
405 592 461 653 sed
473 592 581 654 omnia
591 593 778 676 praepedita
789 593 1014 677 magnitudine
1026 616 1098 670 sua,
1111 594 1225 658 adhoc
1236 596 1350 673 imbre,

195 695 251 778 qui
264 695 373 759 subito
388 697 575 780 superfusus
596 698 678 762 mira
699 699 853 763 felicitate
875 686 1020 770 Persicos
1043 721 1134 763 arcus
1156 713 1349 786 corruperat,

194 801 342 884 primum,
351 802 541 886 trepidatio,
558 825 633 866 mox
648 804 743 888 fuga,
760 805 876 871 deinde
893 805 1075 887 triumphus
1095 805 1238 870 fuerunt.
1264 807 1351 870 uicto

157 919 227 969 tet
248 905 387 990 supplici
408 929 522 992 pacem
543 917 729 993 partemque
756 910 849 994 regni
875 911 945 974 dari
964 910 1088 997 placuit
1117 932 1154 974 eo
1182 911 1348 988 libentius,

196 1013 281 1094 quod
297 1021 364 1075 tam
378 1011 472 1076 facile
488 1013 646 1078 cessisset.

434 1185 439 1192 ’
483 1236 597 1313 xxv„
622 1237 807 1303 nnrnvru
821 1239 1052 1303 annorvm.

197 1419 327 1504 Syriaco
348 1419 433 1483 bello
460 1423 632 1499 successit,
660 1434 692 1486 et
722 1425 878 1500 debebat,
906 1424 1071 1487 Aetolum.
1116 1424 1204 1488 uicto
1232 1425 1350 1509 quippe
1368 1438 1445 1512 159

196 1527 362 1589 Romanus
376 1526 539 1591 Antiocho
553 1529 639 1592 faces
654 1528 790 1592 Asiatici
803 1529 883 1592 belli
896 1530 1157 1612 persequebatur.
1182 1551 1257 1613 ergo
1273 1530 1349 1594 Ful-

142 1645 175 1694 10
195 1632 250 1695 uio
264 1631 424 1697 Nobiliori
438 1634 591 1696 mandata
612 1633 694 1697 ultio
715 1646 774 1698 est.
799 1635 854 1697 hic
868 1634 1015 1717 protinus
1038 1644 1136 1716 caput
1149 1634 1257 1717 gentis
1271 1637 1349 1698 Am-

192 1739 355 1815 braciam,
378 1739 501 1822 regiam
522 1738 656 1822 Pyrrhi,
682 1738 842 1800 machinis
865 1738 980 1820 quatit.
1012 1748 1122 1801 secuta
1144 1739 1265 1802 deditio
1287 1753 1355 1816 est„

194 1831 327 1908 aderaut
352 1844 542 1906 Aetolorum
567 1843 715 1927 precibus
741 1843 845 1905 Attici
869 1843 1010 1918 Rhodii,
1044 1854 1077 1905 et
1101 1844 1349 1909 memineramus

194 1949 327 2024 auxilii3
353 1949 399 2010 sic
413 1948 536 2033 placuit
556 1948 731 2031 ignoscere.
757 1948 873 2032 serpsit
894 1959 1003 2011 tamen
1024 1948 1123 2012 latius
1137 1948 1173 2011 in
1187 1949 1348 2033 proximos
1449 2031 1453 2034 ἢ

193 2054 317 2116 bellum
332 2075 522 2136 omnemque
537 2054 602 2117 late
618 2053 864 2137 Cephalleniam
879 2055 1070 2137 Zacynthon
1085 2064 1118 2117 et
1131 2054 1288 2138 quidquid
1299 2056 1347 2118 in-

142 2173 174 2222 15
196 2143 339 2224 sularum
354 2159 389 2222 in
404 2182 441 2223 eo
457 2159 537 2223 mari
551 2160 637 2223 inter
649 2160 825 2224 Ceraunios
840 2172 967 2242 montes
982 2160 1158 2244 iugumque
1181 2161 1344 2244 Maleum:

193 2265 301 2329 Aetoli
315 2255 393 2328 belli
409 2266 547 2329 accessio
563 2267 705 2356 fuerunt.

447 2488 580 2551 XXVI.
605 2488 791 2553 BELLVM
806 2486 1078 2551 HISTRICVM.

193 2673 302 2736 Histri
318 2681 470 2736 secuntur
484 2670 633 2745 Aetolos3
649 2666 768 2752 quippe
782 2669 941 2732 bellantes
953 2691 1007 2733 eos
1022 2691 1127 2754 nuper
1141 2669 1344 2734 adiuuerant.
1359 2695 1399 2751 11,
1417 2679 1456 2738 10

192 2789 225 2840 et
239 2778 334 2840 initia
347 2798 478 2861 pugnae
493 2775 580 2839 hosti
600 2797 750 2860 prospera
773 2775 906 2838 suerum
926 2776 1101 2859 eademque
1125 2777 1216 2840 exitii
1236 2799 1344 2840 causa.

139 2895 172 2945 2ο
193 2904 270 2947 nam
292 2907 366 2946 oum
388 2882 475 2947 Gnei
496 2880 614 2944 Manlii
629 2891 733 2944 castra
747 2880 908 2963 cepissent
930 2880 1118 2963 opimaeque
1138 2886 1275 2966 praedae
1297 2883 1346 2945 in-

192 2992 358 3067 cubarent,
376 2990 544 3074 epulantes
561 3009 597 3050 aa
612 2987 808 3052 ludibundos
823 2987 1009 3070 plerosque,
1027 2987 1082 3069 qui
1097 2998 1153 3050 aut
1169 2989 1226 3051 ubi
1240 2999 1347 3051 essent

191 3118 268 3181 prae
282 3097 406 3181 poculis
421 3095 617 3171 nescientes,
641 3092 767 3177 Appius
791 3092 932 3154 Pulcher
953 3093 1091 3156 inuadit.
1116 3094 1162 3156 sic
1183 3115 1258 3156 oum
1274 3115 1346 3156 san·

191 3201 290 3284 guine
306 3212 339 3264 et
354 3201 469 3285 spiritu
483 3201 568 3263 male
582 3210 709 3284 partam
723 3219 911 3260 reuomuere
926 3198 1105 3262 uictoriam.
1127 3197 1196 3281 ipse
1211 3221 1268 3262 rex
1282 3200 1345 3261 Ae-

103 3337 106 3342 ·
191 3307 269 3389 pulo
293 3327 376 3389 equo
396 3305 576 3387 inpositus,
594 3325 668 3367 cum
683 3302 820 3365 subinde
836 3303 967 3387 crapula
983 3314 1015 3367 et
1029 3303 1144 3387 capitis
1160 3325 1263 3366 errore
1277 3304 1346 3387 lap·

139 3422 172 3472 25
194 3421 296 3486 seret,
320 3419 452 3493 qaptum
472 3431 541 3472 sese
560 3407 619 3470 uix
640 3416 672 3470 et
693 3428 805 3489 aegre,
828 3417 1001 3490 postquam
1020 3408 1261 3490 expergefactus
1284 3400 1357 3483 est,

193 3513 316 3577 didicit.

194 3773 202 3822 1
220 3784 338 3839 purpora
349 3779 394 3823 ΒΝ
404 3766 412 3837 ΙΙ
425 3766 508 3820 ebure
519 3776 545 3818 N
555 3765 564 3836 Η
576 3763 737 3833 utrinusque
748 3773 773 3815 N
784 3762 793 3833 Π
806 3765 821 3814 2
834 3757 989 3819 uariauerat
999 3777 1019 3818 N
1038 3764 1047 3835 ss
1067 3763 1218 3836 praepidita
1228 3776 1256 3830 Ν,
1271 3783 1347 3836 prae·
1418 3805 1421 3808 ⁴

192 3853 250 3908 dita
260 3865 286 3908 N
297 3854 305 3925 Η
318 3857 333 3906 3
347 3856 504 3924 perruperat
515 3863 535 3904 N
547 3852 556 3921 ll
569 3853 586 3902 4
598 3848 696 3902 dehinc
707 3860 733 3901 Ν
752 3847 760 3918 ll
781 3851 795 3899 5
808 3865 902 3918 pacem
913 3855 995 3918 atque
1007 3858 1111 3920 partem
1123 3850 1201 3920 regni
1212 3863 1236 3903 Ν
1247 3851 1257 3922 ll
1270 3855 1284 3903 7
1297 3865 1346 3906 ΔΕ-

191 3941 318 3994 romcvu
329 3939 374 4012 ΝΗ
388 3939 402 3990 8
416 3936 541 4008 syriatieo
552 3947 579 3988 Ν
589 3935 597 4009 Π
611 3933 754 3987 aetolioum
765 3946 810 3987 BN
819 3935 829 4004 ΙΙ
842 3937 858 3986 9
877 3935 1089 4005 persequabatur
1105 3948 1125 3989 N
1137 3935 1146 4005 ll
1162 3936 1192 3986 14
1212 3936 1345 4006 cephalla-

192 4023 265 4076 niam
276 4036 309 4088 Β,
323 4022 490 4077 cefalleniam
501 4033 528 4074 Ν
537 4021 546 4092 Η
562 4024 593 4074 16
605 4015 713 4074 aetolici
724 4030 750 4072 Ν
760 4018 769 4090 ΙΙ
785 4021 814 4070 17
828 4031 996 4073 mortuom
1008 4032 1028 4073 Β
1041 4021 1050 4091 η
1065 4023 1096 4072 18
1109 4013 1241 4090 sequhtur
1258 4034 1277 4076 B
1290 4023 1299 4092 fl
1315 4024 1346 4074 19

191 4125 319 4178 prospera
329 4108 402 4162 hosti
413 4119 440 4161 Ν
449 4107 457 4178 ΙΙ
470 4107 578 4160 fuerant
588 4118 608 4159 N
621 4105 629 4176 l!
644 4107 675 4158 20
688 4104 792 4157 manilii
802 4116 839 4168 B,
853 4102 928 4156 mulii
947 4116 972 4157 Ν
989 4103 998 4174 ll
1018 4105 1189 4176 optimaeque
1206 4119 1231 4158 N
1242 4106 1251 4176 ΙΙ
1270 4107 1345 4159 incu-

191 4191 258 4245 bant
267 4205 288 4246 Β
305 4193 315 4262 l]
334 4196 364 4245 21
380 4192 566 4262 aepulantesB
586 4190 595 4260 ΙΙ
615 4189 662 4260 qui
674 4207 716 4241 om
727 4188 772 4260 Nn
786 4193 818 4242 22
831 4189 855 4242 si
866 4201 885 4241 Ν
897 4187 953 4261 223
965 4205 1169 4242 remouomuore
1180 4202 1205 4241 N
1216 4189 1225 4260 l
1238 4191 1346 4259 Aepulo

191 4293 241 4345 add
251 4299 323 4346 cett:
348 4273 429 4360 abillo
440 4306 473 4358 B,
499 4293 581 4362 apulo
601 4303 623 4344 N
642 4291 650 4362 ΙΙ
671 4294 702 4343 at
717 4289 813 4360 eapitis
826 4298 855 4342 et
871 4289 983 4342 iactaret
999 4306 1088 4344 errore
1105 4289 1150 4362 Nl
1163 4294 1196 4342 25
1209 4305 1346 4359 experrec-

190 4385 235 4430 tus
246 4389 272 4430 N
282 4379 291 4446 l!
