<?xml version="1.0" encoding="UTF-8"?>
<!DOCTYPE html PUBLIC "-//W3C//DTD XHTML 1.0 Transitional//EN"
    "http://www.w3.org/TR/xhtml1/DTD/xhtml1-transitional.dtd">
<html xmlns="http://www.w3.org/1999/xhtml" xml:lang="en" lang="en">
 <head>
  <title>
</title>
<meta http-equiv="Content-Type" content="text/html;charset=utf-8" />
  <meta name='ocr-system' content='tesseract 3.04.00' />
  <meta name='ocr-capabilities' content='ocr_page ocr_carea ocr_par ocr_line ocrx_word'/>
</head>
<body>
  <div class='ocr_page' id='page_1' title='image "./ivlifloriepitom00jahngoog_0007.png"; bbox 0 0 3300 5084; ppageno 0'>
   <div class='ocr_carea' id='block_1_1' title="bbox 623 1477 969 1620">
    <p class='ocr_par' dir='ltr' id='par_1_1' title="bbox 623 1477 969 1620">
     <span class='ocr_line' id='line_1_1' title="bbox 623 1477 969 1620; baseline -0.012 1"><span class='ocrx_word' id='word_1_1' title='bbox 623 1477 969 1620; x_wconf 66' lang='lat' dir='ltr'>Parisino.</span> 
     </span>
    </p>
   </div>
   <div class='ocr_carea' id='block_1_2' title="bbox 106 1858 1379 3117">
    <p class='ocr_par' dir='ltr' id='par_1_2' title="bbox 106 1858 1379 3117">
     <span class='ocr_line' id='line_1_2' title="bbox 106 1858 1375 1956; baseline -0.006 -17"><span class='ocrx_word' id='word_1_2' title='bbox 106 1949 110 1956; x_wconf 29' lang='lat'><strong><em>¹</em></strong></span> <span class='ocrx_word' id='word_1_3' title='bbox 210 1858 306 1938; x_wconf 77' lang='lat' dir='ltr'>Quod</span> <span class='ocrx_word' id='word_1_4' title='bbox 335 1872 448 1936; x_wconf 87' lang='lat' dir='ltr'>Florus</span> <span class='ocrx_word' id='word_1_5' title='bbox 470 1895 490 1935; x_wconf 88' lang='lat' dir='ltr'>a</span> <span class='ocrx_word' id='word_1_6' title='bbox 511 1894 563 1936; x_wconf 87' lang='lat' dir='ltr'>me</span> <span class='ocrx_word' id='word_1_7' title='bbox 593 1871 698 1935; x_wconf 85' lang='lat' dir='ltr'>editur</span> <span class='ocrx_word' id='word_1_8' title='bbox 719 1870 815 1952; x_wconf 89' lang='lat' dir='ltr'>longe</span> <span class='ocrx_word' id='word_1_9' title='bbox 837 1879 982 1932; x_wconf 89' lang='lat' dir='ltr'>mutatus</span> <span class='ocrx_word' id='word_1_10' title='bbox 1005 1869 1045 1932; x_wconf 92' lang='lat' dir='ltr'>ab</span> <span class='ocrx_word' id='word_1_11' title='bbox 1075 1869 1133 1932; x_wconf 91' lang='lat' dir='ltr'>illo</span> <span class='ocrx_word' id='word_1_12' title='bbox 1151 1868 1254 1952; x_wconf 91' lang='lat' dir='ltr'>qualis</span> <span class='ocrx_word' id='word_1_13' title='bbox 1275 1870 1375 1953; x_wconf 87' lang='lat' dir='ltr'>uulgo</span> 
     </span>
     <span class='ocr_line' id='line_1_3' title="bbox 209 1974 1379 2060; baseline 0.002 -23"><span class='ocrx_word' id='word_1_14' title='bbox 209 1975 393 2060; x_wconf 88' lang='lat' dir='ltr'>legebatur,</span> <span class='ocrx_word' id='word_1_15' title='bbox 421 1977 457 2042; x_wconf 89' lang='lat' dir='ltr'>id</span> <span class='ocrx_word' id='word_1_16' title='bbox 481 1979 629 2042; x_wconf 82' lang='lat' dir='ltr'><strong>fortunae</strong></span> <span class='ocrx_word' id='word_1_17' title='bbox 659 1978 798 2060; x_wconf 92' lang='lat' dir='ltr'>quodam</span> <span class='ocrx_word' id='word_1_18' title='bbox 820 1997 898 2038; x_wconf 90' lang='lat' dir='ltr'>casu</span> <span class='ocrx_word' id='word_1_19' title='bbox 923 1986 956 2038; x_wconf 90' lang='lat' dir='ltr'>et</span> <span class='ocrx_word' id='word_1_20' title='bbox 982 1974 1176 2058; x_wconf 89' lang='lat' dir='ltr'>optimorum</span> <span class='ocrx_word' id='word_1_21' title='bbox 1201 1975 1379 2039; x_wconf 90' lang='lat' dir='ltr'>amicorum·</span> 
     </span>
     <span class='ocr_line' id='line_1_4' title="bbox 209 2081 1375 2166; baseline 0.002 -22"><span class='ocrx_word' id='word_1_22' title='bbox 209 2081 319 2145; x_wconf 85' lang='lat' dir='ltr'>fauore</span> <span class='ocrx_word' id='word_1_23' title='bbox 341 2083 490 2152; x_wconf 84' lang='lat' dir='ltr'>effectum</span> <span class='ocrx_word' id='word_1_24' title='bbox 511 2095 570 2148; x_wconf 88' lang='lat' dir='ltr'>est.</span> <span class='ocrx_word' id='word_1_25' title='bbox 601 2083 761 2166; x_wconf 85' lang='lat' dir='ltr'><strong>equidem,</strong></span> <span class='ocrx_word' id='word_1_26' title='bbox 786 2081 843 2166; x_wconf 93' lang='lat' dir='ltr'>qui</span> <span class='ocrx_word' id='word_1_27' title='bbox 858 2103 878 2144; x_wconf 87' lang='lat' dir='ltr'>a</span> <span class='ocrx_word' id='word_1_28' title='bbox 898 2081 1108 2144; x_wconf 85' lang='lat' dir='ltr'>Lachmanno</span> <span class='ocrx_word' id='word_1_29' title='bbox 1128 2081 1207 2144; x_wconf 91' lang='lat' dir='ltr'>olim</span> <span class='ocrx_word' id='word_1_30' title='bbox 1232 2082 1375 2146; x_wconf 89' lang='lat' dir='ltr'>monitus</span> 
     </span>
     <span class='ocr_line' id='line_1_5' title="bbox 209 2187 1376 2271; baseline 0.003 -22"><span class='ocrx_word' id='word_1_31' title='bbox 209 2187 363 2251; x_wconf 88' lang='lat' dir='ltr'>memoria</span> <span class='ocrx_word' id='word_1_32' title='bbox 378 2191 528 2252; x_wconf 82' lang='lat' dir='ltr'><strong>tenebam</strong></span> <span class='ocrx_word' id='word_1_33' title='bbox 549 2189 585 2252; x_wconf 90' lang='lat' dir='ltr'>in</span> <span class='ocrx_word' id='word_1_34' title='bbox 605 2189 801 2252; x_wconf 83' lang='lat' dir='ltr'>bibliotheca</span> <span class='ocrx_word' id='word_1_35' title='bbox 830 2188 1061 2271; x_wconf 88' lang='lat' dir='ltr'>Bambergensi</span> <span class='ocrx_word' id='word_1_36' title='bbox 1087 2187 1231 2250; x_wconf 82' lang='lat' dir='ltr'>codicem</span> <span class='ocrx_word' id='word_1_37' title='bbox 1256 2189 1376 2252; x_wconf 87' lang='lat' dir='ltr'>seruari</span> 
     </span>
     <span class='ocr_line' id='line_1_6' title="bbox 210 2293 1376 2380; baseline 0.003 -25"><span class='ocrx_word' id='word_1_38' title='bbox 210 2293 302 2356; x_wconf 90' lang='lat' dir='ltr'>cuius</span> <span class='ocrx_word' id='word_1_39' title='bbox 318 2317 377 2377; x_wconf 89' lang='lat' dir='ltr'>ope</span> <span class='ocrx_word' id='word_1_40' title='bbox 393 2296 506 2359; x_wconf 86' lang='lat' dir='ltr'>Florus</span> <span class='ocrx_word' id='word_1_41' title='bbox 522 2294 693 2380; x_wconf 79' lang='lat' dir='ltr'>insigniter</span> <span class='ocrx_word' id='word_1_42' title='bbox 708 2294 872 2376; x_wconf 83' lang='lat' dir='ltr'>emendari</span> <span class='ocrx_word' id='word_1_43' title='bbox 887 2304 1013 2378; x_wconf 88' lang='lat' dir='ltr'>posset,</span> <span class='ocrx_word' id='word_1_44' title='bbox 1030 2317 1105 2358; x_wconf 93' lang='lat' dir='ltr'>cum</span> <span class='ocrx_word' id='word_1_45' title='bbox 1118 2295 1283 2378; x_wconf 87' lang='lat' dir='ltr'>praeteriti</span> <span class='ocrx_word' id='word_1_46' title='bbox 1298 2295 1376 2358; x_wconf 90' lang='lat' dir='ltr'>anni</span> 
     </span>
     <span class='ocr_line' id='line_1_7' title="bbox 211 2400 1377 2484; baseline 0.003 -23"><span class='ocrx_word' id='word_1_47' title='bbox 211 2410 331 2462; x_wconf 83' lang='lat' dir='ltr'>aestate</span> <span class='ocrx_word' id='word_1_48' title='bbox 353 2400 478 2465; x_wconf 90' lang='lat' dir='ltr'>itineris</span> <span class='ocrx_word' id='word_1_49' title='bbox 501 2400 697 2484; x_wconf 90' lang='lat' dir='ltr'>suscipiendi</span> <span class='ocrx_word' id='word_1_50' title='bbox 718 2400 890 2464; x_wconf 90' lang='lat' dir='ltr'>consilium</span> <span class='ocrx_word' id='word_1_51' title='bbox 916 2400 1071 2483; x_wconf 81' lang='lat' dir='ltr'>agitarem</span> <span class='ocrx_word' id='word_1_52' title='bbox 1081 2447 1092 2476; x_wconf 96' lang='lat'>,</span> <span class='ocrx_word' id='word_1_53' title='bbox 1119 2401 1207 2462; x_wconf 91' lang='lat' dir='ltr'>hunc</span> <span class='ocrx_word' id='word_1_54' title='bbox 1234 2402 1377 2465; x_wconf 85' lang='lat' dir='ltr'>codicem</span> 
     </span>
     <span class='ocr_line' id='line_1_8' title="bbox 211 2505 1377 2588; baseline 0.004 -22"><span class='ocrx_word' id='word_1_55' title='bbox 211 2505 389 2568; x_wconf 79' lang='lat' dir='ltr'>accuratius</span> <span class='ocrx_word' id='word_1_56' title='bbox 406 2506 589 2568; x_wconf 88' lang='lat' dir='ltr'>examinare</span> <span class='ocrx_word' id='word_1_57' title='bbox 603 2528 842 2588; x_wconf 86' lang='lat' dir='ltr'>proposueram.</span> <span class='ocrx_word' id='word_1_58' title='bbox 881 2507 938 2569; x_wconf 87' lang='lat' dir='ltr'>sed</span> <span class='ocrx_word' id='word_1_59' title='bbox 956 2516 1127 2588; x_wconf 90' lang='lat' dir='ltr'>postquam</span> <span class='ocrx_word' id='word_1_60' title='bbox 1147 2527 1279 2581; x_wconf 89' lang='lat' dir='ltr'>causae,</span> <span class='ocrx_word' id='word_1_61' title='bbox 1297 2529 1377 2588; x_wconf 89' lang='lat' dir='ltr'>quae</span> 
     </span>
     <span class='ocr_line' id='line_1_9' title="bbox 211 2609 1375 2694; baseline 0.003 -22"><span class='ocrx_word' id='word_1_62' title='bbox 211 2620 303 2672; x_wconf 87' lang='lat' dir='ltr'>extra</span> <span class='ocrx_word' id='word_1_63' title='bbox 324 2631 377 2672; x_wconf 85' lang='lat' dir='ltr'>me</span> <span class='ocrx_word' id='word_1_64' title='bbox 402 2612 525 2694; x_wconf 87' lang='lat' dir='ltr'>positae</span> <span class='ocrx_word' id='word_1_65' title='bbox 551 2620 661 2686; x_wconf 87' lang='lat' dir='ltr'>erant,</span> <span class='ocrx_word' id='word_1_66' title='bbox 685 2621 763 2672; x_wconf 88' lang='lat' dir='ltr'>tunc</span> <span class='ocrx_word' id='word_1_67' title='bbox 789 2609 920 2692; x_wconf 90' lang='lat' dir='ltr'>quidem</span> <span class='ocrx_word' id='word_1_68' title='bbox 945 2611 1006 2672; x_wconf 84' lang='lat' dir='ltr'>iter</span> <span class='ocrx_word' id='word_1_69' title='bbox 1027 2610 1110 2672; x_wconf 92' lang='lat' dir='ltr'>illud</span> <span class='ocrx_word' id='word_1_70' title='bbox 1130 2611 1375 2693; x_wconf 89' lang='lat' dir='ltr'>prohibuerunt,</span> 
     </span>
     <span class='ocr_line' id='line_1_10' title="bbox 212 2715 1376 2800; baseline 0.002 -22"><span class='ocrx_word' id='word_1_71' title='bbox 212 2737 341 2778; x_wconf 91' lang='lat' dir='ltr'>omnem</span> <span class='ocrx_word' id='word_1_72' title='bbox 361 2717 401 2778; x_wconf 88' lang='lat' dir='ltr'>de</span> <span class='ocrx_word' id='word_1_73' title='bbox 422 2716 517 2779; x_wconf 89' lang='lat' dir='ltr'>Floro</span> <span class='ocrx_word' id='word_1_74' title='bbox 539 2715 767 2800; x_wconf 84' lang='lat' dir='ltr'>cogitationem</span> <span class='ocrx_word' id='word_1_75' title='bbox 789 2715 933 2798; x_wconf 86' lang='lat' dir='ltr'>deposui.</span> <span class='ocrx_word' id='word_1_76' title='bbox 967 2737 1040 2778; x_wconf 89' lang='lat' dir='ltr'>ecce</span> <span class='ocrx_word' id='word_1_77' title='bbox 1061 2728 1225 2780; x_wconf 89' lang='lat' dir='ltr'>conuentu</span> <span class='ocrx_word' id='word_1_78' title='bbox 1238 2717 1376 2800; x_wconf 93' lang='lat' dir='ltr'>philolo·</span> 
     </span>
     <span class='ocr_line' id='line_1_11' title="bbox 210 2805 1376 2906; baseline 0.003 -23"><span class='ocrx_word' id='word_1_79' title='bbox 210 2843 325 2904; x_wconf 87' lang='lat' dir='ltr'>gorum</span> <span class='ocrx_word' id='word_1_80' title='bbox 355 2822 550 2906; x_wconf 88' lang='lat' dir='ltr'>Erlangensi</span> <span class='ocrx_word' id='word_1_81' title='bbox 576 2822 723 2886; x_wconf 92' lang='lat' dir='ltr'>absoluto</span> <span class='ocrx_word' id='word_1_82' title='bbox 750 2822 884 2886; x_wconf 84' lang='lat' dir='ltr'>Carolus</span> <span class='ocrx_word' id='word_1_83' title='bbox 917 2821 1081 2889; x_wconf 86' lang='lat' dir='ltr'>Halmius¹</span> <span class='ocrx_word' id='word_1_84' title='bbox 1104 2821 1222 2885; x_wconf 86' lang='lat' dir='ltr'>amicos</span> <span class='ocrx_word' id='word_1_85' title='bbox 1249 2805 1376 2894; x_wconf 80' lang='lat' dir='ltr'>uisurus</span> 
     </span>
     <span class='ocr_line' id='line_1_12' title="bbox 211 2926 1378 3009; baseline 0.003 -19"><span class='ocrx_word' id='word_1_86' title='bbox 211 2926 355 3009; x_wconf 89' lang='lat' dir='ltr'>Lipsiam</span> <span class='ocrx_word' id='word_1_87' title='bbox 369 2928 472 2990; x_wconf 90' lang='lat' dir='ltr'>uenit.</span> <span class='ocrx_word' id='word_1_88' title='bbox 491 2928 575 2990; x_wconf 90' lang='lat' dir='ltr'>inter</span> <span class='ocrx_word' id='word_1_89' title='bbox 590 2928 696 2991; x_wconf 86' lang='lat' dir='ltr'>uarios</span> <span class='ocrx_word' id='word_1_90' title='bbox 712 2929 752 2990; x_wconf 92' lang='lat' dir='ltr'>de</span> <span class='ocrx_word' id='word_1_91' title='bbox 767 2930 863 2991; x_wconf 87' lang='lat' dir='ltr'>rebus</span> <span class='ocrx_word' id='word_1_92' title='bbox 883 2927 1001 2991; x_wconf 90' lang='lat' dir='ltr'>nostris</span> <span class='ocrx_word' id='word_1_93' title='bbox 1013 2949 1174 2991; x_wconf 87' lang='lat' dir='ltr'>sermones</span> <span class='ocrx_word' id='word_1_94' title='bbox 1189 2950 1265 2991; x_wconf 88' lang='lat' dir='ltr'>cum</span> <span class='ocrx_word' id='word_1_95' title='bbox 1280 2930 1378 2994; x_wconf 89' lang='lat' dir='ltr'>etiam</span> 
     </span>
     <span class='ocr_line' id='line_1_13' title="bbox 211 3027 1379 3117; baseline 0.003 -22"><span class='ocrx_word' id='word_1_96' title='bbox 211 3033 424 3096; x_wconf 87' lang='lat' dir='ltr'>bibliothecae</span> <span class='ocrx_word' id='word_1_97' title='bbox 433 3027 679 3117; x_wconf 84' lang='lat' dir='ltr'>Bambergensis</span> <span class='ocrx_word' id='word_1_98' title='bbox 687 3033 945 3098; x_wconf 88' lang='lat' dir='ltr'>meminissemus</span> <span class='ocrx_word' id='word_1_99' title='bbox 953 3042 986 3096; x_wconf 90' lang='lat' dir='ltr'>et</span> <span class='ocrx_word' id='word_1_100' title='bbox 994 3055 1053 3116; x_wconf 90' lang='lat' dir='ltr'>ego</span> <span class='ocrx_word' id='word_1_101' title='bbox 1062 3035 1101 3096; x_wconf 90' lang='lat' dir='ltr'>de</span> <span class='ocrx_word' id='word_1_102' title='bbox 1117 3033 1224 3097; x_wconf 88' lang='lat' dir='ltr'>codice</span> <span class='ocrx_word' id='word_1_103' title='bbox 1240 3038 1379 3117; x_wconf 88' lang='lat' dir='ltr'>quodam</span> 
     </span>
    </p>
   </div>
   <div class='ocr_carea' id='block_1_3' title="bbox 212 3131 1477 3223">
    <p class='ocr_par' dir='ltr' id='par_1_3' title="bbox 212 3131 1477 3223">
     <span class='ocr_line' id='line_1_14' title="bbox 212 3131 1477 3223; baseline 0.002 -21"><span class='ocrx_word' id='word_1_104' title='bbox 212 3139 304 3202; x_wconf 83' lang='lat' dir='ltr'>Sexti</span> <span class='ocrx_word' id='word_1_105' title='bbox 312 3141 390 3202; x_wconf 87' lang='lat' dir='ltr'>Rufi</span> <span class='ocrx_word' id='word_1_106' title='bbox 399 3139 782 3223; x_wconf 89' lang='lat' dir='ltr'>antiquoquaesiuissem‚</span> <span class='ocrx_word' id='word_1_107' title='bbox 799 3139 854 3202; x_wconf 88' lang='lat' dir='ltr'>ille</span> <span class='ocrx_word' id='word_1_108' title='bbox 866 3131 1116 3221; x_wconf 81' lang='lat' dir='ltr'>‘huncquidem&#39;</span> <span class='ocrx_word' id='word_1_109' title='bbox 1132 3139 1178 3201; x_wconf 90' lang='lat' dir='ltr'>ait</span> <span class='ocrx_word' id='word_1_110' title='bbox 1188 3133 1378 3205; x_wconf 74' lang='lat' dir='ltr'>‘monstrare</span> <span class='ocrx_word' id='word_1_111' title='bbox 1471 3138 1477 3147; x_wconf 85' lang='grc'><strong>’</strong></span> 
     </span>
    </p>
   </div>
   <div class='ocr_carea' id='block_1_4' title="bbox 132 3236 1379 4495">
    <p class='ocr_par' dir='ltr' id='par_1_4' title="bbox 132 3236 1379 4495">
     <span class='ocr_line' id='line_1_15' title="bbox 212 3236 1377 3330; baseline 0.001 -21"><span class='ocrx_word' id='word_1_112' title='bbox 212 3245 272 3309; x_wconf 93' lang='lat' dir='ltr'>tibi</span> <span class='ocrx_word' id='word_1_113' title='bbox 286 3267 438 3329; x_wconf 88' lang='lat' dir='ltr'>possum,</span> <span class='ocrx_word' id='word_1_114' title='bbox 466 3267 545 3309; x_wconf 88' lang='lat' dir='ltr'>nam</span> <span class='ocrx_word' id='word_1_115' title='bbox 565 3267 693 3308; x_wconf 87' lang='lat' dir='ltr'>mecum</span> <span class='ocrx_word' id='word_1_116' title='bbox 715 3236 902 3328; x_wconf 71' lang='lat' dir='ltr'>asportaui?</span> <span class='ocrx_word' id='word_1_117' title='bbox 935 3245 1045 3328; x_wconf 91' lang='lat' dir='ltr'>paullo</span> <span class='ocrx_word' id='word_1_118' title='bbox 1060 3256 1134 3328; x_wconf 91' lang='lat' dir='ltr'>post</span> <span class='ocrx_word' id='word_1_119' title='bbox 1149 3245 1236 3308; x_wconf 86' lang='lat' dir='ltr'>Flori</span> <span class='ocrx_word' id='word_1_120' title='bbox 1251 3269 1377 3330; x_wconf 87' lang='lat' dir='ltr'>quoquc</span> 
     </span>
     <span class='ocr_line' id='line_1_16' title="bbox 211 3345 1377 3417; baseline -0.001 -2"><span class='ocrx_word' id='word_1_121' title='bbox 211 3352 408 3417; x_wconf 88' lang='lat' dir='ltr'>mentionem</span> <span class='ocrx_word' id='word_1_122' title='bbox 434 3351 541 3415; x_wconf 89' lang='lat' dir='ltr'>inieci.</span> <span class='ocrx_word' id='word_1_123' title='bbox 580 3364 651 3415; x_wconf 90' lang='lat' dir='ltr'>tum</span> <span class='ocrx_word' id='word_1_124' title='bbox 676 3373 753 3414; x_wconf 91' lang='lat' dir='ltr'>uero</span> <span class='ocrx_word' id='word_1_125' title='bbox 778 3351 834 3414; x_wconf 88' lang='lat' dir='ltr'>ille</span> <span class='ocrx_word' id='word_1_126' title='bbox 864 3350 972 3414; x_wconf 89' lang='lat' dir='ltr'>ridens</span> <span class='ocrx_word' id='word_1_127' title='bbox 994 3345 1107 3414; x_wconf 83' lang='lat' dir='ltr'>‘etiam</span> <span class='ocrx_word' id='word_1_128' title='bbox 1131 3351 1228 3414; x_wconf 90' lang='lat' dir='ltr'>huius</span> <span class='ocrx_word' id='word_1_129' title='bbox 1250 3345 1377 3415; x_wconf 83' lang='lat' dir='ltr'>codicis&#39;</span> 
     </span>
     <span class='ocr_line' id='line_1_17' title="bbox 211 3449 1379 3539; baseline 0 -19"><span class='ocrx_word' id='word_1_130' title='bbox 211 3457 319 3539; x_wconf 91' lang='lat' dir='ltr'>inquit</span> <span class='ocrx_word' id='word_1_131' title='bbox 336 3451 538 3520; x_wconf 80' lang='lat' dir='ltr'>‘facultatem</span> <span class='ocrx_word' id='word_1_132' title='bbox 553 3457 613 3520; x_wconf 91' lang='lat' dir='ltr'>tibi</span> <span class='ocrx_word' id='word_1_133' title='bbox 627 3449 807 3539; x_wconf 84' lang='lat' dir='ltr'>praebebo&#39;,</span> <span class='ocrx_word' id='word_1_134' title='bbox 832 3467 863 3519; x_wconf 92' lang='lat' dir='ltr'>et</span> <span class='ocrx_word' id='word_1_135' title='bbox 886 3467 924 3519; x_wconf 90' lang='lat' dir='ltr'>ut</span> <span class='ocrx_word' id='word_1_136' title='bbox 945 3456 1000 3519; x_wconf 91' lang='lat' dir='ltr'>ille</span> <span class='ocrx_word' id='word_1_137' title='bbox 1022 3458 1109 3538; x_wconf 89' lang='lat' dir='ltr'>apud</span> <span class='ocrx_word' id='word_1_138' title='bbox 1123 3456 1379 3520; x_wconf 86' lang='lat' dir='ltr'>Schlemiliume</span> 
     </span>
     <span class='ocr_line' id='line_1_18' title="bbox 212 3562 1378 3647; baseline 0 -21"><span class='ocrx_word' id='word_1_139' title='bbox 212 3564 326 3647; x_wconf 87' lang='lat' dir='ltr'>perula</span> <span class='ocrx_word' id='word_1_140' title='bbox 350 3572 522 3643; x_wconf 86' lang='lat' dir='ltr'>utrumque</span> <span class='ocrx_word' id='word_1_141' title='bbox 543 3562 663 3624; x_wconf 90' lang='lat' dir='ltr'>librum</span> <span class='ocrx_word' id='word_1_142' title='bbox 685 3583 704 3622; x_wconf 92' lang='lat' dir='ltr'>a</span> <span class='ocrx_word' id='word_1_143' title='bbox 725 3582 777 3622; x_wconf 91' lang='lat' dir='ltr'>me</span> <span class='ocrx_word' id='word_1_144' title='bbox 799 3569 947 3643; x_wconf 87' lang='lat' dir='ltr'>optatum</span> <span class='ocrx_word' id='word_1_145' title='bbox 975 3583 1042 3624; x_wconf 92' lang='lat' dir='ltr'>uno</span> <span class='ocrx_word' id='word_1_146' title='bbox 1068 3562 1190 3624; x_wconf 88' lang='lat' dir='ltr'>scilicet</span> <span class='ocrx_word' id='word_1_147' title='bbox 1204 3562 1378 3629; x_wconf 69' lang='lat' dir='ltr'>„uolumine</span> 
     </span>
     <span class='ocr_line' id='line_1_19' title="bbox 140 3658 1379 3752; baseline 0.001 -20"><span class='ocrx_word' id='word_1_148' title='bbox 140 3689 143 3693; x_wconf 83' lang='lat'>·</span> <span class='ocrx_word' id='word_1_149' title='bbox 213 3667 469 3752; x_wconf 85' lang='lat' dir='ltr'>conprehensum</span> <span class='ocrx_word' id='word_1_150' title='bbox 494 3665 576 3728; x_wconf 91' lang='lat' dir='ltr'>mihi</span> <span class='ocrx_word' id='word_1_151' title='bbox 602 3665 743 3730; x_wconf 78' lang='lat' dir='ltr'>tradidit.</span> <span class='ocrx_word' id='word_1_152' title='bbox 783 3687 859 3729; x_wconf 92' lang='lat' dir='ltr'>cum</span> <span class='ocrx_word' id='word_1_153' title='bbox 890 3665 1033 3728; x_wconf 89' lang='lat' dir='ltr'>codicem</span> <span class='ocrx_word' id='word_1_154' title='bbox 1064 3667 1168 3730; x_wconf 85' lang='lat' dir='ltr'>obiter</span> <span class='ocrx_word' id='word_1_155' title='bbox 1197 3658 1379 3752; x_wconf 78' lang='lat' dir='ltr'>inspectum</span> 
     </span>
     <span class='ocr_line' id='line_1_20' title="bbox 214 3771 1379 3855; baseline 0.003 -17"><span class='ocrx_word' id='word_1_156' title='bbox 214 3775 347 3838; x_wconf 84' lang='lat' dir='ltr'>Halmio</span> <span class='ocrx_word' id='word_1_157' title='bbox 368 3775 551 3850; x_wconf 86' lang='lat' dir='ltr'>redderem,</span> <span class='ocrx_word' id='word_1_158' title='bbox 576 3772 631 3836; x_wconf 92' lang='lat' dir='ltr'>ille</span> <span class='ocrx_word' id='word_1_159' title='bbox 653 3771 845 3838; x_wconf 86' lang='lat' dir='ltr'>amicissime</span> <span class='ocrx_word' id='word_1_160' title='bbox 868 3793 888 3834; x_wconf 87' lang='lat' dir='ltr'>a</span> <span class='ocrx_word' id='word_1_161' title='bbox 901 3794 952 3834; x_wconf 88' lang='lat' dir='ltr'>me</span> <span class='ocrx_word' id='word_1_162' title='bbox 967 3772 1061 3855; x_wconf 86' lang='lat' dir='ltr'>petiit</span> <span class='ocrx_word' id='word_1_163' title='bbox 1081 3773 1199 3837; x_wconf 88' lang='lat' dir='ltr'>utiam</span> <span class='ocrx_word' id='word_1_164' title='bbox 1214 3777 1379 3841; x_wconf 87' lang='lat' dir='ltr'>occasione</span> 
     </span>
     <span class='ocr_line' id='line_1_21' title="bbox 132 3869 1379 3964; baseline 0.006 -26"><span class='ocrx_word' id='word_1_165' title='bbox 132 3929 135 3938; x_wconf 88' lang='lat'>.</span> <span class='ocrx_word' id='word_1_166' title='bbox 172 3947 175 3952; x_wconf 52' lang='grc'>,</span> <span class='ocrx_word' id='word_1_167' title='bbox 210 3875 315 3963; x_wconf 84' lang='lat' dir='ltr'>‘quasi</span> <span class='ocrx_word' id='word_1_168' title='bbox 331 3882 372 3943; x_wconf 86' lang='lat' dir='ltr'>de</span> <span class='ocrx_word' id='word_1_169' title='bbox 385 3879 546 3942; x_wconf 90' lang='lat' dir='ltr'>industria</span> <span class='ocrx_word' id='word_1_170' title='bbox 560 3877 607 3940; x_wconf 88' lang='lat' dir='ltr'>ita</span> <span class='ocrx_word' id='word_1_171' title='bbox 624 3869 774 3960; x_wconf 81' lang='lat' dir='ltr'>captante</span> <span class='ocrx_word' id='word_1_172' title='bbox 793 3870 932 3941; x_wconf 82' lang='lat' dir='ltr'>fortuna&#39;</span> <span class='ocrx_word' id='word_1_173' title='bbox 947 3878 1029 3944; x_wconf 88' lang='lat' dir='ltr'>mihi</span> <span class='ocrx_word' id='word_1_174' title='bbox 1040 3876 1148 3942; x_wconf 91' lang='lat' dir='ltr'>oblata</span> <span class='ocrx_word' id='word_1_175' title='bbox 1162 3890 1268 3943; x_wconf 89' lang='lat' dir='ltr'>uterer</span> <span class='ocrx_word' id='word_1_176' title='bbox 1283 3893 1379 3964; x_wconf 86' lang='lat' dir='ltr'>atque</span> 
     </span>
     <span class='ocr_line' id='line_1_22' title="bbox 214 3983 1376 4068; baseline 0 -18"><span class='ocrx_word' id='word_1_177' title='bbox 214 3987 386 4050; x_wconf 90' lang='lat' dir='ltr'>consilium</span> <span class='ocrx_word' id='word_1_178' title='bbox 400 3984 488 4049; x_wconf 86' lang='lat' dir='ltr'>Flori</span> <span class='ocrx_word' id='word_1_179' title='bbox 503 3985 544 4050; x_wconf 91' lang='lat' dir='ltr'>ad</span> <span class='ocrx_word' id='word_1_180' title='bbox 559 3983 701 4047; x_wconf 89' lang='lat' dir='ltr'>codicem</span> <span class='ocrx_word' id='word_1_181' title='bbox 707 3985 979 4066; x_wconf 84' lang='lat' dir='ltr'>Bambergensem</span> <span class='ocrx_word' id='word_1_182' title='bbox 993 3987 1180 4049; x_wconf 86' lang='lat' dir='ltr'>recensendi</span> <span class='ocrx_word' id='word_1_183' title='bbox 1195 4008 1376 4068; x_wconf 83' lang='lat' dir='ltr'>exequerer.</span> 
     </span>
     <span class='ocr_line' id='line_1_23' title="bbox 215 4088 1379 4175; baseline 0.002 -20"><span class='ocrx_word' id='word_1_184' title='bbox 215 4115 273 4175; x_wconf 87' lang='lat' dir='ltr'>ego</span> <span class='ocrx_word' id='word_1_185' title='bbox 288 4115 365 4157; x_wconf 86' lang='lat' dir='ltr'>uero</span> <span class='ocrx_word' id='word_1_186' title='bbox 380 4113 497 4174; x_wconf 86' lang='lat' dir='ltr'>negare</span> <span class='ocrx_word' id='word_1_187' title='bbox 512 4090 577 4152; x_wconf 92' lang='lat' dir='ltr'>tale</span> <span class='ocrx_word' id='word_1_188' title='bbox 592 4088 763 4154; x_wconf 86' lang='lat' dir='ltr'>consilium</span> <span class='ocrx_word' id='word_1_189' title='bbox 778 4111 934 4173; x_wconf 88' lang='lat' dir='ltr'>umquam</span> <span class='ocrx_word' id='word_1_190' title='bbox 960 4089 1042 4154; x_wconf 91' lang='lat' dir='ltr'>mihi</span> <span class='ocrx_word' id='word_1_191' title='bbox 1057 4102 1180 4154; x_wconf 90' lang='lat' dir='ltr'>certum</span> <span class='ocrx_word' id='word_1_192' title='bbox 1195 4092 1306 4169; x_wconf 86' lang='lat' dir='ltr'>fuisse,</span> <span class='ocrx_word' id='word_1_193' title='bbox 1324 4117 1379 4157; x_wconf 90' lang='lat' dir='ltr'>ne·</span> 
     </span>
     <span class='ocr_line' id='line_1_24' title="bbox 215 4188 1379 4280; baseline 0.001 -19"><span class='ocrx_word' id='word_1_194' title='bbox 215 4221 276 4280; x_wconf 90' lang='lat' dir='ltr'>que</span> <span class='ocrx_word' id='word_1_195' title='bbox 287 4220 340 4263; x_wconf 90' lang='lat' dir='ltr'>me</span> <span class='ocrx_word' id='word_1_196' title='bbox 354 4198 390 4261; x_wconf 94' lang='lat' dir='ltr'>in</span> <span class='ocrx_word' id='word_1_197' title='bbox 406 4199 544 4262; x_wconf 85' lang='lat' dir='ltr'>alienam</span> <span class='ocrx_word' id='word_1_198' title='bbox 558 4194 759 4279; x_wconf 88' lang='lat' dir='ltr'>prouinciam</span> <span class='ocrx_word' id='word_1_199' title='bbox 774 4195 1008 4260; x_wconf 87' lang='lat' dir='ltr'>inuolaturum.</span> <span class='ocrx_word' id='word_1_200' title='bbox 1023 4188 1081 4260; x_wconf 89' lang='lat' dir='ltr'>ille</span> <span class='ocrx_word' id='word_1_201' title='bbox 1087 4208 1199 4261; x_wconf 89' lang='lat' dir='ltr'>contra</span> <span class='ocrx_word' id='word_1_202' title='bbox 1212 4197 1379 4264; x_wconf 83' lang='lat' dir='ltr'>adfirmare</span> 
     </span>
     <span class='ocr_line' id='line_1_25' title="bbox 215 4301 1378 4388; baseline -0.002 -20"><span class='ocrx_word' id='word_1_203' title='bbox 215 4326 249 4368; x_wconf 87' lang='lat' dir='ltr'>se</span> <span class='ocrx_word' id='word_1_204' title='bbox 263 4327 331 4368; x_wconf 88' lang='lat' dir='ltr'>non</span> <span class='ocrx_word' id='word_1_205' title='bbox 345 4304 448 4388; x_wconf 86' lang='lat' dir='ltr'>magis</span> <span class='ocrx_word' id='word_1_206' title='bbox 464 4306 503 4366; x_wconf 91' lang='lat' dir='ltr'>de</span> <span class='ocrx_word' id='word_1_207' title='bbox 513 4304 607 4368; x_wconf 87' lang='lat' dir='ltr'>Floro</span> <span class='ocrx_word' id='word_1_208' title='bbox 623 4303 746 4365; x_wconf 84' lang='lat' dir='ltr'>edendo</span> <span class='ocrx_word' id='word_1_209' title='bbox 762 4301 930 4384; x_wconf 83' lang='lat' dir='ltr'>cogitasse,</span> <span class='ocrx_word' id='word_1_210' title='bbox 949 4303 1136 4386; x_wconf 85' lang='lat' dir='ltr'>praesertim</span> <span class='ocrx_word' id='word_1_211' title='bbox 1153 4303 1224 4366; x_wconf 88' lang='lat' dir='ltr'>aliis</span> <span class='ocrx_word' id='word_1_212' title='bbox 1240 4305 1378 4385; x_wconf 77' lang='lat' dir='ltr'>negotiis</span> 
     </span>
     <span class='ocr_line' id='line_1_26' title="bbox 215 4389 1378 4495; baseline -0.002 -23"><span class='ocrx_word' id='word_1_213' title='bbox 215 4409 416 4487; x_wconf 88' lang='lat' dir='ltr'>districtum,</span> <span class='ocrx_word' id='word_1_214' title='bbox 446 4410 612 4495; x_wconf 86' lang='lat' dir='ltr'>acriusque</span> <span class='ocrx_word' id='word_1_215' title='bbox 641 4407 761 4473; x_wconf 85' lang='lat' dir='ltr'>instare</span> <span class='ocrx_word' id='word_1_216' title='bbox 791 4418 830 4472; x_wconf 90' lang='lat' dir='ltr'>ut</span> <span class='ocrx_word' id='word_1_217' title='bbox 842 4389 993 4493; x_wconf 78' lang='lat' dir='ltr'>codicem</span> <span class='ocrx_word' id='word_1_218' title='bbox 1014 4421 1161 4472; x_wconf 84' lang='lat' dir='ltr'>accurate</span> <span class='ocrx_word' id='word_1_219' title='bbox 1182 4417 1378 4483; x_wconf 86' lang='lat' dir='ltr'>excuterem,</span> 
     </span>
    </p>
   </div>
   <div class='ocr_carea' id='block_1_5' title="bbox 643 4524 1178 4700">
    <p class='ocr_par' dir='ltr' id='par_1_5' title="bbox 643 4524 1178 4700">
     <span class='ocr_line' id='line_1_27' title="bbox 643 4524 1178 4700; baseline -0.009 0"><span class='ocrx_word' id='word_1_220' title='bbox 643 4585 863 4700; x_wconf 76' lang='lat' dir='ltr'>assam</span> <span class='ocrx_word' id='word_1_221' title='bbox 923 4531 926 4537; x_wconf 23' lang='lat'>¹</span> <span class='ocrx_word' id='word_1_222' title='bbox 1143 4524 1178 4577; x_wconf 44' lang='grc' dir='ltr'><strong><em>Ρ</em></strong></span> 
     </span>
    </p>
   </div>
   <div class='ocr_carea' id='block_1_6' title="bbox 0 0 1666 5084">
    <p class='ocr_par' dir='ltr' id='par_1_6' title="bbox 0 0 1666 5084">
     <span class='ocr_line' id='line_1_28' title="bbox 0 0 1666 5084; baseline 0 0"><span class='ocrx_word' id='word_1_223' title='bbox 0 0 1666 5084; x_wconf 95' lang='lat' dir='ltr'> </span> 
     </span>
    </p>
   </div>
  </div>
 </body>
</html>
