3300 5084
354 405 356 412 ,
449 374 633 434 ‘armona
649 375 674 430 1,
692 367 802 418 42-44
820 355 888 439 [111‚
904 355 1022 439 8-10].
1314 357 1350 416 71
1407 351 1413 362 “

205 524 277 586 simi
292 504 440 606 gentium
455 523 544 586 Galli
558 533 655 605 atque
670 522 828 587 Germani
848 534 881 586 et
902 523 1050 606 quamuis
1073 533 1141 592 toto
1155 524 1229 586 orbe
1243 522 1352 598 diuisi,

205 641 313 706 tamen
328 629 405 711 quia
418 629 546 692 uincere
560 628 667 704 libuit,
685 627 846 692 Britanni.
1064 686 1066 692 ,

291 732 419 796 Primus
434 721 561 796 Galliae
576 745 681 798 motus
698 735 736 796 ab
752 732 916 797 Heluetiis
938 731 1060 814 coepit,
1083 731 1138 814 qui
1158 733 1356 796 Rhodanum
1445 738 1449 754 '

206 837 290 903 inter
315 848 348 900 et
368 838 523 902 Rhenum
545 839 617 915 siti,
645 861 711 904 non
738 823 969 902 sufficientibus
991 837 1081 900 terris
1106 860 1223 902 uenere
1248 841 1357 902 sedem

169 957 183 1005 5
204 943 360 1026 petitum,
388 943 527 1006 incensis
552 944 720 1008 moenibus
746 941 828 1007 suis:
860 943 921 1005 hoc
947 953 1181 1005 sacramentum
1206 944 1287 1019 fuit,
1315 966 1356 1006 ne

205 1049 354 1111 redirent.
379 1050 434 1112 scd
456 1049 558 1132 petito
572 1060 713 1131 tempore
729 1051 770 1112 ad
784 1049 1044 1124 dehberandum,
1067 1070 1142 1112 cum
1155 1049 1240 1112 inter
1253 1071 1357 1114 moras

206 1156 324 1218 Caesar
338 1153 491 1218 Rhodani
505 1164 602 1242 ponte
617 1154 748 1218 rescisso
763 1155 874 1236 fugam
889 1136 1085 1228 abstulisset,
1101 1153 1213 1216 statim
1226 1155 1356 1219 bellico·

207 1259 364 1322 sissimam
386 1269 517 1342 gentem
538 1259 583 1322 sic
603 1259 638 1320 in
664 1257 753 1323 sedes
780 1281 854 1321 suas
880 1257 971 1340 quasi
996 1279 1108 1340 greges
1133 1258 1168 1320 in
1194 1261 1357 1322 stabulum

206 1375 315 1446 pastor
335 1364 473 1428 reduxit.
499 1387 634 1447 sequens
656 1366 751 1448 longe
773 1366 931 1446 longeque
945 1365 1106 1428 cruentior
1118 1385 1230 1447 pugna
1242 1349 1357 1448 Belga·

156 1483 187 1532 10
207 1493 297 1545 rum,
324 1470 442 1553 quippe
462 1491 520 1553 pro
534 1470 680 1534 libertate
701 1469 929 1553 pugnantium.
965 1469 1019 1531 hic
1032 1491 1108 1532 cum
1121 1471 1225 1532 multa
1239 1473 1357 1533 Roma-

208 1599 323 1642 norum
337 1575 478 1638 militum
492 1575 644 1658 insignia,
661 1587 733 1638 tum
747 1575 830 1646 illud
844 1574 1010 1658 egregium
1023 1573 1124 1656 ipsius
1139 1575 1242 1650 ducis,
1259 1578 1356 1658 quod,

208 1693 344 1746 nutante
359 1681 394 1744 in
409 1682 486 1764 fuga
498 1681 651 1756 exercitu,
667 1691 758 1762 rapto
769 1680 924 1763 fugientis
936 1701 954 1742 e
964 1701 1064 1743 mauu
1074 1690 1165 1744 scuto
1177 1680 1212 1742 in
1222 1681 1359 1762 primam

207 1787 348 1852 uolitans
363 1787 464 1850 aciem
478 1809 579 1850 manu
592 1786 749 1868 proelium
763 1785 915 1848 restituit.
938 1784 1014 1848 inde
1028 1806 1102 1863 cum
1113 1786 1248 1849 Venetis
1262 1786 1361 1848 etiam

209 1895 325 1957 nauale
339 1895 479 1968 bellum,
503 1895 559 1956 sed
579 1890 681 1954 maior
695 1913 769 1954 cum
784 1892 914 1954 Oceano
929 1911 1027 1972 quam
1041 1912 1114 1952 cum
1129 1890 1207 1973 ipsis
1221 1890 1360 1954 nauibus

159 2010 190 2059 15
210 1998 291 2060 rixa.
325 1997 445 2081 quippe
464 1998 539 2060 illae
561 1985 655 2059 rudes
676 2008 708 2058 et
728 1995 880 2059 informes
901 2005 934 2058 et
948 1995 1058 2058 statim
1072 1987 1264 2078 naufragae,
1286 2019 1361 2060 cum

211 2111 312 2165 rostra
326 2102 516 2178 sensissent3
541 2105 597 2166 sed
618 2103 769 2166 haerebat
790 2101 827 2164 in
847 2101 939 2164 uadis
964 2123 1092 2184 pugna,
1121 2123 1195 2165 cum
1221 2101 1360 2165 aestibus

212 2207 313 2270 solitis
339 2207 374 2269 in
398 2207 468 2290 ipso
493 2208 665 2272 certamine
691 2209 867 2272 subductus
887 2208 1037 2270 Oceanus
1058 2207 1251 2271 intercedere
1276 2208 1361 2270 bello

211 2313 381 2376 uideretur.
406 2311 481 2376 illae
496 2336 621 2397 quoque
637 2335 794 2377 accessere
809 2311 1011 2380 diuersitates
1031 2335 1089 2395 pro
1109 2313 1256 2395 gentium
1276 2315 1360 2376 loco·
1432 2330 1437 2336 ⁴

210 2441 344 2502 rumque
370 2430 495 2482 natura.
537 2418 713 2502 Aquitani,
745 2417 899 2481 callidum
921 2437 1042 2499 genus,
1077 2417 1112 2479 in
1138 2417 1307 2499 speluncas
1329 2441 1362 2480 se

159 2535 192 2586 20
212 2524 424 2606 recipiebant:
441 2524 535 2587 iussit
549 2523 690 2598 includi3
714 2523 922 2585 morabantur
935 2521 970 2583 in
984 2520 1093 2584 siluis:
1112 2521 1205 2584 iussit
1219 2521 1360 2586 incendi.

213 2649 307 2691 nemo
322 2639 449 2692 tantum
462 2629 581 2692 feroces
597 2628 713 2692 dixerit
728 2627 858 2690 Gallos:
884 2624 1048 2690 fraudibus
1069 2637 1181 2708 agunt.
1218 2628 1351 2690 Indutio

212 2754 320 2796 marus
328 2735 501 2808 Treueros,
515 2732 682 2796 Ambiorix
696 2731 870 2795 concitauit
884 2731 1060 2794 Eburones.
1079 2731 1216 2813 utrique,
1235 2734 1365 2796 absente

214 2840 349 2902 Caesare
371 2838 589 2901 coniuratione
611 2838 713 2913 facta,
734 2836 881 2900 inuasere
901 2837 1035 2919 legatos.
1064 2838 1120 2900 sed
1142 2836 1197 2899 ille
1211 2837 1334 2900 fortiter
1348 2860 1367 2899 a

214 2944 383 3007 Dolabella
407 2954 584 3007 summotus
612 2954 677 3019 est,
705 2942 904 3024 relatmnque
926 2940 1009 3024 regis
1030 2952 1142 3024 caput3
1167 2943 1220 3004 hic
1241 2943 1367 3006 insidiis

160 3061 193 3110 25
215 3049 250 3110 iu
264 3050 349 3113 ualle
365 3049 525 3133 dispositis
548 3051 620 3112 dolo
642 3048 787 3132 perculit.
822 3047 931 3132 itaque
957 3055 990 3108 et
1014 3058 1118 3110 castra
1143 3048 1267 3131 direpta
1291 3059 1368 3112 sunt

214 3164 247 3217 et
271 3155 526 3218 Aurunculeium
554 3156 683 3218 Cottam
708 3176 783 3218 cnm
809 3152 935 3216 Titurio
961 3151 1083 3217 Sabino
1112 3153 1234 3237 legatos
1260 3154 1366 3217 amisi—

214 3281 296 3322 mus.
331 3282 391 3322 nec
413 3261 481 3322 ulla
499 3262 539 3323 de
554 3283 628 3342 rege
642 3281 719 3322 mox
733 3258 833 3332 ultio;
858 3257 976 3340 quippe
995 3268 1148 3340 perpetua
1171 3269 1257 3322 trans
1280 3259 1367 3323 Rhe-

215 3384 295 3425 num
309 3363 386 3444 fuga
400 3363 507 3426 latuit.
1241 3419 1244 3426 .

301 3468 371 3530 Nec
386 3468 522 3530 Rhenus
537 3490 610 3550 ergo
625 3466 796 3540 immunis3
821 3487 882 3527 nec
897 3464 984 3527 enim
997 3465 1046 3526 fas
1062 3476 1129 3526 crat
1143 3475 1179 3527 ut
1193 3467 1274 3528 liber
1288 3479 1370 3529 esset

163 3583 197 3633 30
217 3581 393 3655 receptator
418 3571 559 3634 hostium
584 3582 679 3654 atque
705 3571 862 3634 defensor.
898 3579 931 3632 et
949 3569 1053 3651 prima
1067 3580 1178 3633 contra
1192 3571 1371 3635 Germanos

217 3823 286 3893 2qui
298 3823 416 3876 uincerit
426 3823 715 3877 habuitbrittaniamN
725 3822 733 3891 11
746 3821 901 3875 brittannib
914 3822 923 3893 1
936 3821 1165 3892 3adbelgetisNfl
1177 3823 1340 3878 rodanumN
1351 3826 1359 3894 11

218 3907 386 3960 threnumN
398 3903 409 3978 11
422 3904 570 3963 lrescisbB
583 3908 591 3978 11
605 3906 890 3976 abstulissetfugamN
900 3906 909 3975 11
922 3907 1089 3961 abstulisse-B
1101 3908 1111 3978 1
1124 3908 1374 3978 Squasiinstabula

217 4004 241 4044 N
253 3993 262 4063 11
275 3996 291 4045 9
305 3992 421 4046 deduxit
432 4005 458 4046 N
468 3993 476 4063 11
489 3993 571 4064 longe
588 4011 630 4045 om
641 4003 666 4044 N
677 3992 685 4062 11
698 3992 836 4046 belcamm
853 4007 873 4048 Β
886 3994 894 4063 1
910 3997 941 4047 10
959 3993 1023 4046 hinc
1040 4005 1060 4046 Β
1072 3991 1082 4063 1
1096 3997 1123 4047 11
1145 3994 1271 4064 egregius
1290 3994 1306 4046 b
1318 3993 1327 4062 11
1343 3998 1373 4046 12

220 4077 385 4131 exercitans
396 4079 406 4148 11
421 4081 451 4130 13
466 4078 623 4136 aasentias
635 4077 643 4146 11
660 4081 690 4130 16
704 4078 751 4130 sed
763 4091 831 4132 omn
843 4079 852 4148 1
866 4096 926 4132 cum
935 4095 997 4131 oum
1005 4078 1125 4131 aestibus
1136 4090 1161 4132 N
1172 4078 1180 4147 1
1197 4082 1226 4131 11
1235 4097 1296 4132 cum
1315 4080 1374 4148 ipso

220 4171 246 4211 N
255 4161 264 4229 11
278 4164 309 4213 20
323 4179 373 4214 nec
385 4178 460 4216 mora
472 4162 662 4220 dilabebantur
680 4162 709 4214 in
728 4161 810 4216 siluas
820 4163 866 4232 Ν1
879 4165 909 4216 21
925 4162 1032 4216 dixerat
1048 4175 1074 4215 N
1084 4162 1093 4233 1
1105 4148 1310 4219 indubiomams
1322 4175 1341 4214 Β
1354 4162 1363 4231 11

186 4249 192 4260 ’
219 4245 252 4297 22
266 4245 386 4298 treberos
397 4259 417 4298 Β
430 4248 438 4318 1
451 4248 590 4301 ambiorex
608 4259 628 4300 Β
641 4246 650 4318 1
663 4248 827 4302 conuocauit
843 4247 888 4317 Ν1
902 4247 1055 4300 euburones
1072 4260 1092 4300 Β
1105 4248 1114 4315 1
1127 4250 1159 4300 23
1178 4247 1307 4302 inuenere
1318 4246 1363 4312 Nl

221 4331 253 4380 16
259 4328 473 4384 Aurunculeium
486 4332 656 4386 Perizonius:
669 4349 764 4386 aurum
777 4333 898 4387 ablatum
903 4343 947 4384 BN
957 4331 967 4401 1
980 4332 1054 4401 quod
1065 4339 1121 4386 tam
1132 4346 1161 4397 Β,
1175 4340 1248 4388 cotta
1256 4344 1282 4384 N
1292 4332 1300 4400 11
1313 4330 1376 4382 tirio

191 4431 197 4440 ’
221 4425 240 4464 Β
252 4411 261 4482 11
274 4411 365 4481 legato
376 4425 401 4464 N
411 4415 420 4484 11
433 4417 466 4465 29
479 4415 606 4486 immunis
618 4436 660 4468 om
672 4430 691 4468 Β
704 4417 712 4487 11
725 4422 758 4471 30
771 4419 819 4470 sed
830 4430 856 4470 N
867 4417 876 4486 11
