3300 5084
290 311 331 390 12
777 346 847 388 ivm
864 345 961 388 11011

287 495 438 581 publica?
453 503 613 579 postremo
630 494 768 576 Superbi
782 493 871 556 illius
886 494 1060 576 inportuna
1076 477 1252 556 dominatio
1267 494 1445 569 nonnihil,
1468 495 1492 554 I

210 599 215 608 ⁴
289 603 388 664 immo
403 601 457 663 uel
472 598 803 682 plurimumprofuit.⁴
820 598 866 662 sic
887 598 974 661 euim
997 598 1145 661 effectum
1165 604 1214 662 est
1239 608 1276 661 ut
1306 599 1449 683 agitatus

289 707 416 770 iniuriis
432 707 571 790 populus
587 705 764 788 cupiditate
778 703 937 767 libertatis
952 698 1207 768 incenderetur.u
1280 706 1282 717 '
1449 705 1498 789 [I]

478 967 545 1029 III.
571 966 632 1027 DE
648 963 919 1028 MVTATIONE
934 963 1014 1026 REI
1030 964 1266 1027 PVBLICAE.

1371 1152 1374 1156 .
1630 1125 1646 1155 1

131 1195 133 1202 ’
225 1234 228 1237 ,
254 1176 273 1238 9
292 1177 398 1260 Igitur
412 1179 514 1238 Bruto
529 1173 755 1257 Collatinoque
771 1173 907 1238 ducibus
923 1183 955 1235 et
970 1174 1172 1250 auctoribus,
1197 1169 1334 1257 ''quibus
1349 1175 1508 1237 ultio-51

291 1303 367 1346 nem
389 1280 440 1344 sui
461 1272 601 1342 moriens
623 1290 771 1342 matrona
791 1281 1022 1355 mandauerat,
1053 1280 1193 1363 populus
1217 1282 1385 1344 Romanus
1407 1277 1449 1344 ad

291 1387 525 1468 uindicandum
555 1377 713 1448 libertatis
743 1407 780 1448 ac
808 1383 984 1469 pudicitiae
1005 1386 1102 1447 decus
1125 1387 1265 1469 quodam
1285 1386 1379 1469 quasi
1399 1386 1456 1448 in-·

292 1493 414 1558 stinctu
438 1493 570 1555 deorum
592 1491 772 1553 concitatus
793 1511 903 1571 regem
930 1477 1060 1573 reperite
1083 1491 1249 1567 destituit,
1272 1493 1358 1555 bona
1374 1491 1449 1554 diri-

291 1599 359 1683 pit,
384 1618 498 1682 agrum
514 1596 614 1660 Marti
629 1617 692 1686 suo
704 1606 887 1670 consecrat,
911 1594 1083 1678 imperium
1097 1595 1133 1657 in
1148 1599 1277 1659 eosdem
1292 1579 1449 1660 libertatis

244 1707 260 1752 f
292 1726 370 1769 suae
384 1702 529 1766 uindices
545 1702 708 1777 transfert,
725 1689 851 1764 mutato
867 1710 975 1770 tamen
990 1712 1023 1763 et
1036 1701 1106 1764 iure
1121 1711 1154 1763 et
1168 1691 1310 1768 nomine.
1329 1681 1449 1787 quippe
1471 1717 1503 1766 11
1542 1691 1545 1696 ’

292 1831 332 1872 ex
346 1819 503 1894 perpetuo
520 1830 665 1871 annuum
678 1807 823 1892 placuit,
848 1828 889 1868 ex
910 1806 1067 1890 singulari
1090 1807 1228 1902 duplex,
1251 1830 1293 1870 ne
1307 1817 1449 1891 potestas

291 1915 465 1982 solitudine
480 1915 534 1976 uel
549 1937 639 1980 mora
660 1922 936 1996 corrumperetur,
963 1913 1173 1998 consulesque
1195 1913 1372 1997 appellauit
1392 1936 1450 1998 pro

194 2049 200 2056 ·
291 2020 432 2103 regibus,
449 2031 486 2082 ut
501 2021 667 2082 consulere
690 2016 724 2081 s⁰e
746 2017 873 2081 ciuibus
895 2019 963 2081 suis
983 2019 1097 2080 debere
1119 2007 1353 2083 meminissent.
1379 2031 1449 2082 tan·
1508 2088 1510 2091 ,

292 2136 425 2208 tumque
441 2125 598 2187 libertatis
613 2144 717 2187 nouae
731 2123 890 2206 gaudium
904 2123 1096 2199 incesserat,
1121 2135 1158 2187 ut
1180 2107 1238 2187 uix
1252 2126 1371 2188 mutati
1386 2138 1449 2189 sta-

292 2241 344 2302 tus
369 2233 468 2293 fidem
496 2231 846 2314 caperetaltemmque
868 2228 1136 2304 exconsulibus,
1162 2230 1333 2292 Lucretiae
1353 2230 1448 2293 mari-
1471 2243 1502 2292 15

291 2347 380 2412 tum,
398 2346 527 2399 tautum
542 2338 582 2400 ob
597 2359 716 2400 nomeu
732 2347 764 2398 et
778 2357 882 2418 genus
898 2334 1023 2417 regium
1037 2333 1178 2398 fascibus
1194 2336 1354 2418 abrogatis
1370 2339 1449 2399 urbe
1531 2421 1535 2424 ᾖ

290 2441 477 2505 dimitteret.
502 2442 611 2527 itaque
626 2442 820 2506 substitutus
836 2440 994 2504 Horatius
1010 2441 1179 2503 Publicola
1195 2463 1323 2506 summo
1341 2442 1450 2517 studio·
1536 2426 1540 2431 ⁴

291 2548 424 2611 adnisus
439 2558 487 2610 est
502 2551 544 2611 ad
559 2551 741 2631 augendam
762 2547 856 2613 liberi
878 2547 992 2632 populi
1014 2547 1227 2610 maiestatem.
1252 2570 1330 2610 uam
1352 2558 1384 2611 et
1402 2549 1449 2611 sa-

199 2719 203 2728 ,
290 2676 358 2717 sees
374 2654 406 2738 ei
419 2675 476 2736 pro
489 2654 637 2716 contione
650 2653 824 2743 summisit,
839 2664 872 2724 et
883 2653 934 2716 ius
946 2644 1352 2737 prouocationisa‘duersus
1364 2654 1450 2736 ipsos
1536 2719 1542 2728 ,

290 2758 398 2834 dedit,
424 2767 456 2820 et
478 2780 519 2820 ne
541 2758 645 2841 specie
679 2759 760 2822 arcis
790 2751 966 2821 offenderet
996 2759 1169 2822 eminentis
1199 2760 1286 2822 aedis
1316 2781 1391 2822 suas
1412 2759 1449 2821 iu
1470 2770 1504 2820 20

289 2864 388 2947 plana
411 2863 582 2926 summisit.
607 2867 730 2925 Brutus
745 2884 822 2925 uero
843 2863 949 2926 fauori
970 2863 1092 2925 ciuium
1114 2863 1212 2926 etiam
1233 2866 1348 2926 domus
1373 2883 1450 2926 suae

290 2970 380 3053 clade
396 2978 427 3030 et
442 2967 612 3050 parricidio
628 2967 810 3030 uelificatus
827 2978 886 3030 est.
912 2967 1031 3051 quippe
1054 2953 1129 3030 cum
1151 2970 1281 3031 studere
1295 2990 1448 3031 reuocan-
1505 2951 1513 2959 ⁴

268 3133 273 3140 2
290 3074 389 3138 disin
404 3075 518 3136 urbem
537 3073 666 3156 regibus
688 3073 805 3136 liberos
821 3093 896 3136 suos
918 3073 1144 3156 comperisset,
1166 3074 1325 3156 protraxit
1345 3075 1380 3136 in
1402 3075 1449 3138 fo·

289 3201 362 3243 rum
377 3191 410 3242 et
425 3179 575 3248 contione
590 3179 698 3242 media
712 3179 813 3261 uirgis
830 3176 963 3253 cecidit,
990 3177 1094 3240 securi
1108 3178 1284 3260 percussit,
1301 3191 1339 3242 ut
1353 3181 1450 3263 plane

289 3284 438 3369 publicus
453 3306 569 3367 parens
585 3285 619 3347 in
634 3287 742 3348 locum
757 3284 933 3346 liberorum
947 3286 1117 3367 adoptasse
1137 3283 1199 3347 sibi
1218 3287 1378 3369 populum
1399 3286 1449 3347 ui·
1470 3297 1505 3347 25

290 3394 428 3454 deretur.
464 3427 467 3432 ·
643 3387 646 3394 ’
974 3383 977 3386 ’
1071 3381 1075 3384 ’
1309 3398 1312 3402 ’

374 3497 471 3560 Liber
485 3496 551 3558 iam
565 3496 643 3559 hinc
664 3498 804 3581 populus
828 3499 998 3559 Romanus
1020 3495 1124 3579 prima
1146 3499 1302 3560 aduersus
1324 3509 1450 3561 exteros

290 3625 379 3666 arma
393 3626 450 3686 pro
466 3604 615 3666 libertate
631 3602 800 3687 corripuit,
813 3624 890 3664 mox
905 3624 966 3684 pro
983 3601 1118 3679 finibus,
1136 3603 1253 3667 deiude
1268 3626 1327 3688 pro
1342 3603 1448 3679 sociis,

291 3895 305 3943 3
319 3890 480 3943 incendetur
492 3901 512 3940 B
525 3889 533 3958 11
541 3894 606 3957 post
616 3887 805 3941 incenderetur
817 3888 849 3940 de
860 3887 915 3940 autb
927 3889 1055 3958 quaedam
1068 3888 1239 3957 interpositi
1250 3887 1258 3958 11
1273 3892 1287 3940 5
1301 3888 1450 3941 conlatino-

290 3993 343 4046 que
354 3986 380 4027 N
390 3975 399 4045 11
413 3977 428 4026 8
441 3973 560 4026 distituit
571 3985 590 4024 Β
603 3973 612 4043 11
629 3976 658 4026 11)
672 3979 700 4025 et
711 3973 800 4025 indica
813 3979 842 4026 et
852 3974 962 4026 nomine
980 3986 1005 4026 N
1016 3973 1024 4042 11
1041 3976 1067 4024 11
1084 3991 1206 4026 annuum
1218 3987 1247 4025 1:
1261 3991 1362 4026 annum
1373 3985 1418 4025 ΒΝ
1428 3973 1437 4042 11

290 4067 318 4112 et
330 4059 461 4128 singulari
468 4071 488 4110 Β
500 4057 509 4127 11
525 4061 555 4109 13
569 4075 597 4110 sc
610 4075 651 4110 om
663 4070 698 4110 ΒΙ
709 4057 717 4127 11
736 4062 763 4110 tt
777 4055 897 4112 libertati
908 4071 928 4111 Β
940 4059 949 4128 11
962 4059 1114 4112 incenserat
1125 4071 1153 4122 Β,
1168 4058 1356 4111 intercesserat
1367 4069 1382 4110 Ι
1394 4059 1402 4127 1
1419 4062 1449 4110 15

290 4151 416 4215 caperent
427 4155 465 4198 IN
476 4141 484 4214 11
491 4143 626 4209 lucretiae
638 4143 765 4196 maritum
778 4151 819 4195 om
831 4156 856 4196 Ν
866 4144 875 4215 11
891 4146 921 4198 16
929 4143 1099 4213 obrogctisN
1109 4144 1118 4213 11
1131 4143 1226 4195 urbem
1236 4156 1280 4196 ΒΝ
1290 4143 1299 4213 11
1317 4148 1344 4196 tr
1359 4144 1449 4196 dimit-

203 4277 205 4280 .
290 4230 447 4300 1111111Ν11
462 4229 562 4282 oratius
575 4241 631 4280 BrN
642 4229 650 4296 11
665 4247 698 4280 ex
707 4245 812 4280 summo
824 4242 849 4281 N
860 4230 868 4298 11
884 4232 914 4281 18
928 4227 1039 4281 annisus
1051 4239 1073 4291 1,
1088 4228 1229 4280 ammissus
1241 4241 1260 4281 Β
1273 4230 1281 4300 11
1295 4216 1451 4299 augendum

288 4313 563 4386 Β1111311111111Β11
580 4313 743 4366 l9aducrsos
758 4315 772 4365 b
786 4313 794 4383 11
808 4318 840 4366 211
854 4314 1003 4383 1111111111
1016 4312 1262 4365 aeminentisaedis
1276 4311 1299 4378 d,
1315 4313 1450 4367 aeminen-

289 4407 330 4452 tes
344 4400 455 4452 aedcsB
469 4403 476 4469 11
492 4402 520 4450 ’11
536 4399 630 4468 planas
642 4412 661 4450 Β
675 4398 682 4466 11
697 4399 767 4451 cium
782 4400 796 4450 b
810 4399 817 4468 11
833 4398 986 4467 23111111
1001 4402 1032 4450 2-1
1046 4398 1187 4468 securique
1198 4411 1220 4462 Ι,
1233 4406 1263 4451 et
1276 4399 1362 4451 securi
1373 4410 1399 4451 N
1408 4398 1417 4468 11
