3300 5084
677 340 875 398 rmnsarro.
1094 407 1098 414 ¹
1251 345 1368 404 XLVII
1416 332 1421 344 ⁸

195 506 299 570 nemo'
328 525 426 568 sanus
464 502 604 586 cogitare
629 502 747 586 possit,
775 503 916 586 ingenue
946 504 1165 586 profitendum
1198 516 1246 570 est
1282 508 1367 573 nihil

195 635 254 677 nos
270 615 311 674 de
326 610 413 681 Iulio
429 611 523 674 Floro
539 608 635 686 scire,
660 608 725 672 nisi
746 603 990 672 sub‘Hadriano
1012 629 1087 670 eum
1107 609 1268 692 epitomen
1282 614 1367 679 hanc

196 717 371 800 scripsisse.
417 737 494 778 nam
523 737 561 778 ea
590 735 666 777 sane
686 725 734 778 est
755 715 873 778 codicis
895 721 925 776 B
948 713 1140 790 auctoritas,
1178 725 1216 779 ut
1244 719 1367 783 Iulium

196 824 303 908 potius
320 845 418 906 quarn
432 823 604 884 Annaeum
620 821 750 884 Florum
765 818 942 884 nocemus:
962 821 1019 882 sed
1033 819 1061 883 si
1076 819 1295 910 quisquaerat
1309 823 1366 908 qui

198 933 328 996 tandem
348 928 472 991 factum
492 927 551 1002 sit,
573 936 611 988 ut
629 943 691 1008 ¹pro
713 926 798 990 Iulio
823 925 1008 1009 suppositus
1030 924 1074 987 sit
1095 947 1116 987 a
1136 925 1276 995 librariis
1298 936 1366 997 An-

197 1057 314 1116 naeus,
332 1033 417 1096 nihil
432 1034 535 1095 habeo
549 1033 636 1094 unde
651 1053 700 1121 res
716 1043 784 1101 tam
799 1031 971 1116 singularis
987 1029 1140 1113 explicari
1154 1032 1265 1115 possit.

275 1142 332 1216 ,De
348 1139 501 1222 scriptore
517 1137 650 1220 quidex
672 1137 753 1200 libro
770 1139 840 1202 eius
861 1138 1073 1201 iudicandum
1094 1137 1137 1200 sit
1155 1139 1279 1202 nemini
1300 1141 1366 1206 iarn

197 1245 332 1309 dubium
359 1254 417 1308 est.
453 1265 527 1306 eum
552 1265 620 1307 non
645 1243 835 1307 historicum
862 1266 944 1320 esse,
973 1245 1030 1306 sed
1054 1243 1215 1307 rhetorem
1240 1248 1365 1311 dudum
1423 1281 1428 1286 ·

198 1350 421 1416 dissertatione
443 1350 775 1432 quadamprobatum
795 1349 858 1412 iuit
880 1351 1019 1413 Ioannes
1039 1349 1183 1412 Michael
1205 1351 1365 1419 Heinzius

198 1442 393 1542 syntagmati
409 1448 637 1538 opusculorum
651 1477 673 1538 p
689 1461 750 1518 260
765 1455 897 1518 inserta.
922 1477 972 1518 res
992 1456 1034 1517 ab
1056 1455 1129 1518 aliis
1151 1457 1284 1522 traditas
1298 1483 1366 1524 non

199 1563 323 1646 abipso
346 1561 556 1644 inuestigatas
578 1561 667 1624 haud
686 1583 757 1625 raro
777 1583 904 1626 summa
932 1561 1139 1643 neglegentia
1166 1566 1366 1649 transcripsit

198 1669 243 1732 ita
260 1667 428 1750 dispositas
444 1676 562 1730 utnon
578 1667 764 1732 historicam
785 1667 894 1744 fidem,
920 1669 1063 1734 sedeam
1077 1667 1252 1750 imaginem
1267 1673 1365 1754 respi-

199 1784 300 1850 ceret,
329 1795 427 1856 quam
445 1772 510 1836 sibi
525 1773 751 1838 illustrandam
770 1771 955 1855 proposuit,
983 1794 1025 1834 ne
1045 1772 1132 1836 hanc
1152 1773 1300 1856 quidem,
1324 1788 1366 1841 xut
1389 1855 1394 1881 ι

199 1879 360 1955 uidirnuS,
384 1878 507 1960 abipso
522 1878 701 1941 inuentam.
732 1877 924 1956 rhetoricam
939 1898 1016 1939 uero
1030 1876 1234 1960 disciplinam
1248 1881 1283 1943 in
1299 1893 1366 1945 toto

200 1985 352 2060 consilio,
375 1984 410 2046 in
431 2005 538 2046 rerum
558 1983 686 2060 ordine,
710 1983 745 2046 in
768 1982 904 2066 singulis
928 2005 1009 2066 quae
1030 1983 1083 2046 uel
1105 1988 1367 2053 commemorauit

201 2092 255 2154 uel
270 2079 378 2154 omisit
394 2090 515 2172 ubique
531 2101 701 2173 agnoscere
716 2090 803 2154 licet.
828 2089 894 2165 ita,
918 2099 956 2152 ut
970 2089 1031 2152 hoc
1046 2100 1137 2166 utar,
1161 2090 1220 2154 ubi
1233 2093 1367 2158 Asinius

202 2197 293 2261 Polio
327 2197 492 2259 Dalmatas
521 2196 636 2259 uicisse
666 2208 813 2260 narratur
842 2194 931 2258 addit
959 2193 1012 2277 tio
1040 2198 1197 2284 secundus
1219 2208 1366 2283 oratorp

141 2357 144 2364 .
204 2308 280 2379 116,
313 2310 369 2378 113
402 2325 484 2386 quae
509 2302 607 2365 multi
640 2301 849 2386 suppositicia
879 2301 1094 2364 crediderunt.
1132 2325 1247 2377 uerum
1283 2305 1367 2367 uidit

202 2409 459 2484 Freinshemius,
493 2430 567 2470 cum
589 2411 807 2470 secunduma
834 2407 988 2469 Cicerone
1011 2417 1167 2469 oratorem
1193 2407 1368 2489 significari

201 2514 354 2578 Asinium
376 2513 596 2594 intellegeret,
627 2512 662 2574 id
683 2514 767 2593 quod
791 2513 943 2572 adnotare
963 2509 1052 2573 haud
1073 2533 1114 2572 ex
1135 2533 1170 2574 re
1189 2511 1298 2573 uisum
1319 2525 1368 2576 est
1420 2539 1425 2543 ·

201 2617 332 2682 rhetori.
357 2615 511 2699 'denique
532 2626 619 2688 totus
640 2637 743 2680 sermo
770 2614 1015 2679 declamatorem
1039 2616 1146 2698 arguit
1168 2627 1201 2678 et
1222 2616 1375 2681 cuiusuis

202 2724 328 2808 generis
344 2722 508 2798 artificiis,
532 2721 644 2804 figuris
668 2719 836 2784 sententiis
857 2720 941 2783 male
957 2720 1146 2785 acuminatis
1161 2721 1207 2785 ita
1232 2724 1367 2787 refertus

203 2840 251 2894 est
273 2839 311 2892 ut
333 2850 454 2912 pauper
476 2827 637 2911 scriptoris
659 2825 828 2910 ingenium
851 2835 884 2888 et
912 2825 1069 2889 iudicium
1089 2829 1174 2891 male
1194 2829 1369 2892 formatum

116 2965 119 2970 ·
203 2935 366 3002 neminem
381 2937 481 2999 latere
496 2933 608 3019 possit.
640 2936 696 2997 sed
716 2935 755 2996 de
777 2932 839 2996 hac
853 2955 887 2995 re
902 2942 974 3015 post
989 2933 1123 2997 Graeuii
1137 2935 1369 3017 praefationem

204 3053 288 3106 recte
311 3044 350 3106 ab
377 3043 525 3108 Ernestio
551 3039 686 3104 maximi
713 3038 915 3102 aestimatam
934 3040 1081 3122 pluribus
1107 3039 1259 3103 disserere
1284 3041 1368 3105 nihil

205 3148 332 3212 attinet.
356 3148 465 3232 paucis
482 3157 609 3210 tantum
624 3146 820 3221 admonebo,
838 3146 878 3206 de
893 3167 957 3227 quo
970 3167 1045 3227 prae
1055 3145 1173 3209 ceteris
1189 3147 1368 3210 Meinertus

204 3253 307 3330 dixit,
343 3257 512 3317 Lucanum
535 3276 554 3316 a
578 3253 671 3316 Floro
694 3251 836 3315 studiose
868 3251 990 3314 lectum
1010 3273 1115 3334 neque
1137 3263 1224 3316 recto
1245 3275 1369 3337 semper

154 3373 161 3380 ·
204 3359 323 3423 iudicio
345 3360 526 3422 adhibitum
555 3347 672 3422 fuisse.
704 3357 751 3419 ita
771 3359 857 3439 quod
878 3378 900 3439 p
922 3362 961 3417 97
971 3402 982 3432 ,
1006 3363 1046 3418 25
1068 3357 1195 3439 scripsit
1213 3353 1312 3421 ‘rates
1327 3395 1368 3406 -
1447 3376 1450 3379 ·

204 3485 288 3526 noca
303 3465 571 3545 Pompeianorum
586 3472 656 3526 orte
673 3461 810 3525 Cilicum
826 3458 979 3524 actis-sub
999 3462 1086 3527 mari
1098 3462 1238 3546 funibus
1258 3471 1370 3544 captae

206 3568 303 3652 quusi
314 3590 389 3651 per*
400 3560 607 3651 indoyioem',
626 3565 698 3649 quis
713 3589 780 3630 non
796 3565 1007 3658 uidctefficta
1022 3589 1090 3633 esse
1106 3589 1146 3630 ex
1160 3567 1285 3630 Lucani
1298 3590 1369 3630 uer·
1429 3563 1436 3572 ’

206 3675 293 3738 sibus
310 3676 398 3750 IIII,
417 3680 477 3734 449
1044 3755 1049 3758 ᾖ
1349 3682 1355 3690 ’

371 3791 404 3844 at
420 3779 637 3863 Pompeianus
651 3779 777 3842 fraudes
792 3778 956 3842 innectere
969 3790 1069 3862 ponto

371 3887 504 3970 antiqua
518 3895 609 3969 parat
625 3895 692 3948 arte
708 3877 805 3962 Cilix,
825 3867 1001 3969 passusque
1017 3909 1131 3957 uacare
1226 3948 1228 3957 ,

370 4016 500 4058 summa
514 3992 588 4056 freti
602 3993 709 4056 medio
724 3993 892 4075 suspendit
906 3993 1039 4057 uincula
1053 4004 1153 4077 ponto

350 4179 352 4184 ,
371 4113 403 4163 et
418 4102 507 4164 laxas
523 4099 651 4162 fluitare
666 4097 743 4162 sinit
757 4098 935 4182 religatque
949 4111 1079 4163 catenas

352 4286 355 4293 .
371 4207 459 4288 rupis
476 4207 515 4269 ab
532 4204 661 4289 Illyriae
677 4205 828 4287 scopulis.
853 4227 913 4268 nec
929 4204 1032 4287 prima
1047 4226 1107 4266 nec
1121 4203 1179 4265 illa

370 4334 451 4393 quae
467 4312 610 4394 sequitur
624 4314 750 4375 tardata
763 4310 860 4388 ratis,
883 4312 939 4374 sed
953 4309 1049 4372 tertia
1062 4308 1163 4371 moles
1249 4372 1251 4377 ,

371 4416 476 4480 haesit
490 4427 522 4479 et
538 4419 578 4480 ad
594 4406 703 4481 cautes
718 4419 858 4480 adducto
872 4415 950 4478 fune
964 4426 1074 4480 secuta
1088 4426 1148 4478 est.
