3300 5084
660 337 857 382 mesano.
1196 329 1346 385 XLVIIH

182 507 252 547 esse
267 484 321 547 uel
342 506 379 548 ea
394 487 492 548 uerba
512 453 750 563 demonstrent,
774 487 890 569 quibus
913 488 953 550 de
975 486 1107 548 ciuitate
1130 487 1182 550 dei
1204 490 1278 566 ΙΙΙ,
1306 497 1342 553 19

177 589 270 668 bello¹
282 589 409 654 Punieo
424 593 565 654 seeundo
580 591 625 653 ita
646 593 810 656 Romanos
831 602 927 675 atque
947 591 1217 674 Carthaginenses
1237 597 1346 657 secum
1385 623 1389 626 ·

122 703 124 708 ’
177 715 339 779 pugnasse
354 705 473 792 uastat,
502 703 538 761 al
551 695 602 758 leis
624 718 744 780 qaoque
756 697 950 781 fatentibus,
973 697 1031 780 qai
1050 719 1112 759 aon
1129 705 1194 760 tam
1208 721 1346 764 narrare

179 800 262 864 bella
281 801 431 864 Romana
453 823 549 884 qaam
570 802 753 866 Romanam
776 800 945 884 imperium
966 801 1101 887 laudare
1127 799 1344 881 instituerant,

178 904 317 970 similior
335 905 418 968 aielo
431 905 543 988 faerit
564 905 619 968 ille
640 905 698 988 qai
718 906 798 970 aicit
819 945 881 982 —‚
906 905 934 968 si
960 907 1094 969 cumeis
1110 906 1345 991 Floriuerbap

181 1017 237 1086 35,
267 1017 284 1072 5
311 1009 534 1093 conparaueris
560 1020 592 1073 et
619 1011 716 1074 simul
748 1011 1001 1076 considereueris
1035 1033 1132 1095 quem
1157 1023 1230 1096 apte
1256 1014 1345 1077 Flori

178 1115 298 1180 librum
313 1113 553 1198 signifieauerit.
585 1117 694 1200 itaque
715 1117 813 1180 etiam
827 1117 862 1178 in
877 1117 922 1180 eis
938 1137 1020 1201 quae
1035 1116 1151 1181 deinde
1162 1118 1261 1182 'refert
1276 1120 1344 1183 Au-

178 1220 334 1305 gustinus
344 1222 456 1282 eodem
470 1221 568 1297 libro,
591 1222 776 1304 praesertim
798 1245 815 1285 e
832 1229 890 1300 20,
918 1227 970 1299 27,
996 1228 1048 1300 28,
1072 1226 1123 1298 29,
1146 1244 1214 1287 non
1228 1226 1346 1287 desunt
1427 1243 1431 1248 ·

178 1325 267 1390 Flori
293 1324 494 1409 apertissima
515 1326 663 1410 uestigia.
702 1328 817 1392 omitto
830 1328 1032 1391 .recenti01es
1062 1328 1230 1411 scriptores
1252 1329 1345 1393 Liut-

178 1433 357 1514 prandum,
379 1423 607 1514 Freeulphum,
635 1431 725 1508 alios,
751 1453 830 1515 quos
845 1432 939 1497 Floro
962 1455 1036 1497 usos
1059 1456 1128 1498 esse
1143 1445 1267 1497 eertum
1282 1445 1342 1498 est.

180 1545 322 1613 ceterum
336 1546 466 1600 nonest
488 1538 575 1621 quod
588 1558 736 1600 moneam
759 1559 796 1600 eo
816 1537 905 1619 ipso,
928 1540 1014 1621 quod
1029 1549 1119 1602 tanto
1135 1539 1242 1603 studio
1257 1539 1345 1603 Flori

179 1641 259 1704 liber
273 1641 375 1725 lectus
391 1651 424 1714 et
438 1642 614 1725 descriptus
636 1651 701 1718 est,
726 1643 880 1725 explicari
902 1644 958 1726 qui
979 1645 1101 1707 factum
1123 1645 1164 1708 sit
1185 1657 1224 1708 ut
1244 1647 1344 1708 inser·

179 1740 395 1831 polationibus
416 1757 581 1830 tantopere
602 1749 767 1810 foedatum
788 1748 843 1811 uel
864 1747 900 1810 in
922 1749 1051 1832 optimis
1071 1749 1234 1814 codicibus
1257 1751 1344 1832 lega-

180 1875 270 1928 mus3
299 1852 396 1916 etiam
421 1851 495 1914 libri
516 1851 616 1915 nimio
643 1853 806 1916 fautorum
831 1852 938 1917 studio
963 1864 1221 1937 corrumpuntur.
1261 1876 1344 1937 quae

181 1979 257 2021 eum
275 1959 322 2020 ita
344 1959 420 2034 sint,
444 1958 577 2022 sortasse
599 1957 714 2040 aliquis
729 1979 820 2040 spem
840 1957 1000 2041 concipiet
1021 1961 1087 2023 fore
1107 1970 1145 2024 ut
1171 1960 1285 2024 Florus
1301 1980 1343 2021 ex

182 2061 303 2127 scholio
318 2063 442 2127 Lucani
458 2064 545 2138 IIII,
565 2067 624 2126 624
640 2063 851 2147 redintegrari
865 2063 974 2147 aliqua
988 2087 1029 2128 ex
1042 2074 1132 2147 parte
1146 2064 1265 2148 possit,
1288 2064 1346 2128 ubi

180 2171 260 2233 haee
281 2170 434 2251 leguntur
458 2161 552 2234 ‘dieii
578 2167 728 2233 Valerius
756 2168 927 2234 Suetonius
957 2179 987 2234 et
1007 2170 1126 2234 Floras
1151 2170 1238 2254 qaod
1257 2170 1344 2233 Atli-

182 2275 244 2339 lias
259 2274 349 2337 miles
368 2275 517 2339 ansaris
536 2275 571 2350 ia
587 2275 665 2338 lello
679 2275 884 2340 Massiliensi
903 2275 1013 2340 iniecit
1032 2296 1163 2339 menam
1185 2274 1219 2338 ia
1233 2273 1345 2338 aaaim
1385 2265 1391 2270 ¹

181 2379 419 2448 Massiliensem
440 2389 471 2443 et
491 2380 551 2443 illa
573 2389 739 2463 amputata
760 2380 869 2444 iniecit
896 2381 997 2445 aliam
1016 2389 1048 2444 et
1068 2366 1133 2443 tem
1155 2378 1213 2443 dia
1233 2377 1345 2441 neuim

102 2507 105 2514 ’
184 2485 285 2550 tatuit
304 2487 400 2548 donee
421 2486 690 2568 salmeryerelar,
718 2493 843 2548 secatus
869 2483 1083 2568 Oyaaeqiram
1098 2482 1230 2545 militem
1244 2479 1344 2545 Athe-

182 2591 321 2656 niensem
342 2589 377 2652 ia
398 2588 475 2651 lello
505 2597 614 2652 eontra
640 2591 760 2652 Persas
786 2590 958 2652 secandam
980 2587 1140 2652 Iustinum
1168 2587 1224 2648 VI
1226 2578 1341 2651 *abi-0².

184 2697 248 2760 tale
264 2694 341 2778 quid
361 2694 447 2777 apud
466 2693 599 2757 Florum
620 2715 685 2756 non
706 2693 771 2777 legi
795 2704 918 2757 eertum
938 2703 1005 2756 est:
1032 2694 1089 2757 sed
1111 2691 1258 2774 equidem
1278 2713 1346 2754 non

184 2785 324 2866 adducar
339 2809 376 2861 ut
390 2800 515 2862 credam
536 2798 750 2863 Guilielmum
772 2800 941 2883 Capellum
962 2799 1002 2861 de
1016 2798 1171 2873 Aulona,
1188 2795 1245 2880 qui
1260 2818 1344 2859 anno

184 2926 345 2974 mccccxxt
360 2905 421 2969 hoe
437 2904 614 2983 adnotauit,
631 2904 774 2988 pleniore
789 2927 886 2989 quam
900 2927 959 2970 nos
973 2905 1068 2968 Floro
1088 2925 1184 2967 usum
1199 2923 1277 2966 esse.

268 3035 396 3130 ¹Dabam
411 3033 539 3118 Lipsiae
554 3042 692 3097 exeunte
706 3033 856 3116 Augusto
872 3032 950 3095 anni
964 3050 1129 3096 uncecm.

228 4477 344 4520 nosve.
