3300 5084
301 280 366 344 118
790 295 864 353 ivm
879 295 977 340 raom

441 525 445 534 ¹
528 447 647 511 xxx.
670 446 857 514 ouunvu
872 437 1201 511 onauamovu.

293 650 508 742 *Germaniam
524 671 649 736 quoque
671 648 798 714 utinam
817 647 947 714 uincere
969 645 1053 711 tanti
1073 666 1140 710 non
1161 643 1327 728 putasset!
1351 640 1455 725 magis

224 817 227 824 .
299 758 436 842 turpiter
451 757 568 821 amissa
582 767 630 822 est
646 777 743 840 quam
757 753 894 838 gloriose
906 751 1078 836 adquisita.
1096 760 1145 815 set
1159 759 1319 833 quatenus
1334 748 1456 812 sciebat

298 875 422 949 patrem
438 886 533 928 suum
547 865 585 926 C.
604 864 773 927 Caesarem
786 859 837 923 bis
849 867 1070 924 transuectum
1080 865 1178 940 ponte
1190 856 1345 918 Rhenum
1359 875 1455 936 quae-

299 970 377 1034 sisse
391 970 531 1046 bellum,
548 968 584 1031 in
599 968 687 1032 illius
708 968 864 1030 honorem·
885 964 1090 1046 concupierat
1111 964 1223 1044 facere
1235 959 1452 1043 prouinciam3
1479 971 1494 1019 5
1526 1014 1529 1018 .

299 1077 469 1140 etfaetum
484 1084 571 1150 erat,
596 1074 623 1138 si
637 1073 764 1137 barbari
779 1083 848 1135 tam
869 1070 952 1134 uitia
970 1079 1081 1132 nostra
1103 1089 1201 1151 quam
1220 1066 1356 1149 imperia
1374 1066 1455 1140 ferre

299 1181 492 1266 potuissent.
989 1191 993 1199 '
1232 1235 1238 1239 .

385 1285 506 1349 Missus
521 1282 557 1347 in
572 1306 642 1351 earn
657 1267 858 1368 prouinciam
868 1263 999 1346 bursus
1018 1280 1137 1364 primos
1152 1278 1279 1345 domuit
1293 1276 1454 1360 Vsipetes,

296 1379 374 1456 vinde
390 1393 563 1454 Tencteros
578 1390 734 1472 percurrit
750 1399 782 1452 et
797 1389 947 1452 Catthos.
971 1409 1048 1452 nam
1063 1388 1367 1455 Marcomannorum
1382 1405 1454 1465 spo·

299 1497 352 1563 liis
368 1508 400 1560 et
414 1488 597 1580 insignibus
613 1481 774 1580 quendam
789 1494 912 1574 editum
936 1493 1100 1556 tumulum
1120 1492 1156 1554 in
1178 1490 1311 1574 tropaei·
1322 1490 1456 1553 modum
1477 1498 1510 1549 10

300 1601 452 1667 excoluit.
477 1601 554 1665 inde
569 1585 785 1666 ualidissimas
799 1600 947 1664 nationes
963 1599 1142 1663 Cheruscos
1158 1599 1345 1681 Suebosque
1360 1605 1392 1658 et
1405 1593 1455 1657 Si·

300 1710 446 1772 cambros
458 1707 577 1790 pariter
592 1709 760 1790 adgressus
776 1689 825 1769 est
832 1753 843 1782 ,
866 1705 921 1788 qui
944 1703 1064 1788 uiginti
1079 1702 1320 1767 centurionibus
1334 1701 1370 1764 in
1384 1723 1455 1763 cru-

268 1825 269 1828 ’
295 1831 371 1878 'cem
386 1813 465 1876 actis
487 1814 549 1875 hoe
569 1813 661 1875 uelut
682 1822 882 1903 sacramento
897 1819 1099 1894 sumpserant
1113 1810 1253 1885 bellum,
1276 1810 1355 1872 adeo
1370 1818 1457 1870 certa

303 1907 456 1985 uictoriae
484 1943 539 2002 spe
564 1929 602 1982 ut
627 1919 779 2001 praedam
805 1927 881 1981 ante
906 1916 1055 2000 pactione
1072 1914 1262 1978 'ditriserint
1301 1913 1457 1978 Cherusci

304 2049 420 2110 equos,
439 2019 538 2088 Suebi
554 2009 669 2087 aurum
683 2037 715 2087 et
730 2033 918 2107 argentum,
943 2021 1100 2086 Sicambri
1114 2020 1259 2104 captiuos
1275 2023 1453 2104 elegerant3
1478 2032 1510 2082 15

304 2135 360 2196 sed
375 2130 484 2194 omnia
497 2140 680 2192 retrorsum.
712 2130 817 2193 uictor
837 2151 977 2212 namque
1000 2131 1125 2192 Drusus
1146 2142 1244 2210 equos
1264 2124 1380 2210 pecora
1394 2137 1474 2213 tor-⁴

304 2261 382 2324 ques
399 2258 508 2300 eorum
531 2235 680 2318 ipsosque
700 2237 853 2319 praedam
875 2234 987 2298 diuisit
1009 2245 1042 2298 et
1062 2234 1212 2298 uendidit
1236 2246 1268 2298 et
1293 2246 1459 2317 praeterea

303 2345 341 2407 in·
355 2343 490 2407 tutelam
504 2341 689 2424 prouinciae
703 2341 864 2428 praesidia
878 2353 974 2426 atque
989 2341 1151 2405 custodias
1165 2342 1285 2425 ubique
1300 2340 1459 2424 disposuit

303 2472 362 2534 per
376 2450 503 2512 Mosam
518 2448 659 2525 flumen,
684 2470 742 2531 per
754 2448 873 2525 Albin,
889 2470 946 2532 per
960 2447 1128 2531 Visurgin.
1152 2448 1187 2510 in
1203 2448 1313 2511 Rheni
1328 2447 1458 2532 quidem

304 2555 374 2639 ripa
389 2553 625 2638 quinquaginta
640 2553 778 2636 amplius
799 2554 932 2617 castella
953 2554 1081 2617 direxit.
1111 2557 1264 2619 Bormam
1287 2566 1319 2619 et
1341 2556 1455 2619 Caeso·
1476 2566 1511 2616 20

304 2661 427 2724 riacu'm
451 2659 605 2742 pontibus
631 2659 739 2723 iunxit
761 2660 979 2742 classibusque
1005 2660 1159 2724 firmauit.
1194 2659 1339 2724 inuisum
1361 2671 1457 2742 atque

241 2846 244 2853 ι
277 2753 280 2758 ’
304 2767 504 2830 inaccessum
519 2765 555 2828 in
569 2765 603 2829 id
619 2776 745 2850 tempus
761 2766 965 2849 Hercynium
986 2766 1107 2829 saltum
1127 2766 1289 2849 patefecit.
1314 2790 1353 2830 ea
1368 2766 1456 2831 deni-

303 2873 414 2956 quein
430 2871 605 2935 Germania
619 2893 684 2954 pax
698 2882 778 2948 erat,
795 2883 832 2935 ut
843 2872 961 2936 mutati
972 2872 1131 2949 homines,
1148 2873 1213 2936 alia
1223 2875 1457 2950 terra,‘caelum

302 2979 409 3061 ipsum
424 2977 536 3040 mitius
551 2977 744 3060 molliusque
760 2977 855 3041 solito
870 2978 1043 3041 uideretur.
1069 2978 1208 3062 denique
1222 3002 1289 3042 non
1303 3002 1360 3062 per
1370 2981 1452 3041 adu-

302 3083 477 3159 lationem,
488 3083 558 3146 ·sed
578 3105 618 3144 ex
632 3081 775 3158 meritis,
803 3084 956 3150 defuncto
970 3085 1017 3148 ibi
1032 3084 1203 3149 fortissimo
1219 3085 1356 3161 iuuene,
1379 3085 1454 3168 ipsi,
1476 3098 1511 3147 25

302 3192 388 3273 quod
402 3211 580 3273 numquam
596 3187 686 3264 alias,
704 3197 834 3252 senatus
850 3212 1028 3272 cognomen
1043 3214 1087 3254 ex·
1098 3190 1264 3274 prouincia
1279 3191 1379 3255 dedit.

388 3297 452 3360 Sed
467 3294 629 3382 difficilius
645 3304 693 3358 est
712 3294 896 3376 prouincias
911 3297 1055 3361 obtinere
1076 3321 1174 3380 quam
1189 3281 1308 3374 facere3
1333 3299 1457 3362 uiribus

277 3404 280 3412 '
301 3412 473 3486 parantur,
501 3401 570 3464 iure
595 3399 787 3463 retinentur.
826 3401 926 3484 igitur
950 3403 1047 3478 breue
1073 3402 1107 3465 id
1133 3405 1300 3486 gaudium:
1339 3405 1456 3490 quippe

303 3593 312 3640 1
329 3601 445 3642 BELLVM
458 3600 652 3641 GERMANIONM
665 3604 707 3638 om
718 3587 763 3658 Ν1
777 3591 792 3639 2
805 3589 927 3641 uinceret
938 3600 964 3640 N
974 3587 982 3658 11
997 3592 1012 3641 3
1024 3595 1066 3641 set
1079 3587 1103 3653 b,
1123 3595 1151 3641 et
1167 3602 1187 3642 B
1199 3590 1209 3661 11
1222 3595 1237 3642 4
1249 3574 1358 3661 patroni
1369 3605 1389 3645 Ν
1401 3591 1410 3661 11
1424 3591 1455 3645 C.

299 3693 341 3726 om
353 3686 379 3727 N
389 3673 397 3742 11
410 3680 521 3744 pontem
532 3673 618 3728 rheno
629 3684 655 3728 N
665 3671 702 3742 115
723 3673 861 3743 concupiit
876 3687 902 3725 N
911 3673 921 3744 11
934 3678 950 3726 6
970 3690 1028 3725 eam
1045 3672 1114 3725 uitia
1130 3687 1150 3726 a
1163 3675 1171 3745 11
1185 3694 1267 3746 quam
1285 3677 1397 3746 imperia
1414 3666 1457 3728 orn

298 3771 317 3812 Β
330 3759 339 3829 11
354 3763 368 3812 8
381 3760 491 3828 isipetes
501 3771 521 3810 Β
534 3757 543 3827 11
557 3760 572 3810 9
585 3775 710 3810 cenceros
723 3767 754 3823 Β,
774 3761 932 3832 ceterole
945 3759 1113 3830 percucurrit
1123 3771 1148 3812 Ν
1159 3760 1167 3830 11
1181 3767 1268 3814 tactos
1279 3773 1305 3812 N
1314 3769 1323 3831 1
1335 3761 1457 3812 marcho

298 3861 459 3897 marinorum
470 3855 496 3896 N
506 3843 515 3912 11
531 3847 561 3896 10
575 3848 602 3895 et
614 3861 655 3910 om
667 3855 693 3896 N
703 3842 712 3913 11
727 3846 756 3895 11
778 3844 941 3916 cheruschos
958 3858 978 3898 Ν
991 3845 1000 3916 11
1019 3845 1177 3916 sygambros
1195 3846 1239 3916 Ν1
1255 3849 1285 3896 12
1303 3844 1457 3897 incrematis

298 3944 324 3984 N
334 3931 343 3996 11
360 3933 388 3982 13
402 3929 489 3984 baetis
500 3942 519 3982 Β
533 3928 541 3998 11
555 3934 643 3982 certae
657 3941 674 3980 Ν
687 3929 696 3999 11
712 3932 742 3981 14
756 3929 871 3982 uictoria
880 3931 904 3994 b,
919 3928 1049 3985 uictoriae
1060 3943 1079 3984 B
1092 3931 1101 3999 11
1113 3931 1240 4001 praedam
1251 3930 1279 3981 in
1292 3927 1455 3981 anticessum

266 4051 269 4058 .
298 4009 423 4087 pactione
435 4015 478 4085 Ν1
492 4015 644 4086 pactionem
657 4015 809 4071 diuiserunt
826 4016 867 4084 121
883 4020 913 4069 15
933 4016 1069 4091 sygambri
1085 4008 1130 4086 Ν1
1146 4019 1176 4068 17
1192 4013 1292 4084 praeda
1308 4024 1334 4066 N
1344 4013 1353 4083 11
1367 4020 1395 4066 et
1413 4033 1455 4068 om

297 4114 322 4159 N
333 4102 341 4172 11
358 4104 387 4154 ts
400 4100 524 4154 tutellam
535 4109 554 4150 B
567 4098 576 4172 11
592 4101 622 4152 19
635 4117 773 4171 pemusam
784 4113 809 4155 N
821 4101 829 4170 11
842 4101 974 4155 albiumN
984 4101 994 4172 11
1007 4101 1174 4170 uisurginam
1185 4112 1211 4151 N
1221 4099 1230 4172 11
1244 4103 1275 4152 20
1282 4100 1401 4153 bonnam
1411 4114 1436 4154 N
1447 4102 1455 4171 11
1475 4131 1478 4134 >

299 4187 500 4256 gesogiamcum
512 4195 537 4236 N
548 4184 556 4254 11
571 4187 600 4236 21
617 4185 708 4237 uinxit
719 4185 885 4254 Bdckt'nqiue
896 4186 933 4237 ad
943 4186 1012 4238 notit
1022 4185 1086 4254 depo
1094 4203 1137 4238 occ
1143 4189 1223 4254 pete
1237 4185 1246 4256 1
1261 4188 1292 4238 22
1303 4186 1455 4239 inaeessum

298 4283 324 4334 Β,
341 4286 477 4324 accessum
488 4280 515 4319 N
525 4269 534 4338 1
547 4271 578 4321 25
594 4270 641 4322 sed
658 4287 700 4322 om
717 4282 742 4322 N
758 4269 766 4339 11
785 4268 843 4338 ipse
861 4269 1015 4322 Perizonius
1028 4270 1038 4340 11
1051 4273 1084 4322 tt
1097 4270 1163 4323 alias
1175 4302 1210 4310 —
1221 4272 1314 4326 Druso
1325 4289 1367 4324 oct
1379 4283 1412 4336 B,
1428 4271 1457 4323 in

298 4373 348 4422 quo
355 4361 419 4424 post
429 4370 576 4423 numquam
589 4372 658 4406 nocta
665 4356 768 4425 popina
780 4355 874 4424 incipit
885 4355 894 4427 11
907 4358 939 4408 27
953 4355 1074 4426 optinere
1086 4368 1111 4409 N
1122 4355 1131 4425 11
