3300 5084
658 345 661 352 ’
683 338 918 401 EP1TOMA1,1.
1304 368 1308 374 ·
1362 331 1381 390 7

187 495 210 556 Ι
220 494 270 577 gis
281 501 384 576 'quam
399 493 511 555 urbem
525 491 659 556 fecerat:
678 493 801 560 incolae
813 487 955 557 deerant.
980 494 1092 557 eratin
1104 495 1249 578 proximo
1264 496 1376 572 lucus3
1477 501 1482 512 ⁴

219 601 308 686 hunc
324 600 450 683 asylum
464 597 558 673 facit,
582 609 614 660 et
636 599 747 691 statim
766 598 914 682 mirauis
928 599 1116 664 hominum:
1140 599 1251 685 Latini
1266 602 1378 666 Tusci-

220 727 283 788 que
297 690 452 788 pastores,
470 704 603 786 quidam
614 704 712 768 etiam
724 705 942 781 transmarini,
956 705 1100 789 Phryges
1112 705 1170 788 qui
1181 698 1242 769 s'ub
1253 708 1376 784 Aenea,
1410 717 1414 722 “

220 811 359 873 Arcades
376 797 437 892 qui*
453 810 512 874 sub
527 810 681 873 Euandro
704 813 786 873 duce
807 811 1016 881 induxerant.
1049 809 1097 873 ita
1117 832 1158 873 ex
1171 812 1270 875 uariis
1286 815 1378 895 quasi

193 915 400 978 aelementis
414 915 624 998 congregatit
650 937 764 999 corpus
790 937 912 992 unum,
945 917 1168 999 populumque
1192 918 1378 980 Romanum

220 1021 289 1104 ipse
303 1020 380 1084 fecit
393 1042 460 1084 rex.
485 1031 552 1084 erat
566 1021 665 1085 unius
681 1022 795 1086 aetatis
810 1022 951 1106 populus
966 1022 1120 1085 uirorum.
1144 1021 1254 1104 itaque
1268 1023 1377 1098 matri·

1 1152 14 1181 ν
220 1126 368 1192 monica
388 1126 536 1190 finitimis
556 1127 667 1210 petita
687 1127 764 1210 quia
788 1150 856 1191 non
876 1128 1140 1212 inpetrabantur,
1162 1148 1263 1190 mann
1284 1139 1379 1211 capta

200 1249 203 1260 ·
222 1243 309 1297 sunt.
328 1222 488 1300 simulatis
503 1231 622 1315 quippe
637 1233 723 1297 ludis
740 1233 941 1316 equestribus
957 1232 1118 1317 uirgines,
1136 1255 1218 1315 quae
1227 1223 1274 1298 'ad
1289 1255 1377 1316 spec·

222 1332 546 1430 taculumuenerant,
562 1339 698 1420 praedae
712 1338 812 1414 fuere.
830 1350 863 1402 et
877 1340 957 1414 haec
972 1339 1083 1403 statim
1097 1360 1193 1402 causa
1206 1339 1374 1403 bellorum.

171 1457 202 1506 10
221 1444 309 1528 pulsi
333 1437 500 1528 fugatique
522 1443 686 1509 Veientes.
720 1443 973 1508 Caeninensium
993 1454 1126 1528 captum
1151 1465 1189 1507 ac
1216 1444 1378 1527 direptum

223 1561 271 1614 est
285 1550 451 1634 oppidum.
477 1549 580 1633 spolia
594 1549 726 1634 insuper
742 1549 850 1632 opima
864 1550 903 1612 de
917 1571 993 1632 rege
1007 1550 1136 1636 Agrone
1148 1549 1289 1614 Feretrio
1304 1549 1378 1612 Ioui

222 1657 370 1719 manibus
391 1655 458 1719 suis
479 1675 536 1722 rex
556 1654 743 1738 reportauit.
770 1655 900 1718 Sabinis
916 1654 1062 1738 proditae
1078 1665 1189 1737 portae
1202 1652 1265 1738 'per
1280 1640 1377 1738 uirgi-

217 1779 297 1825 'nem
309 1759 479 1844 Tarpeiam
489 1760 632 1823 nomine.
647 1757 755 1823 dolose
765 1761 877 1843 puella
886 1759 1168 1842 pretiumreiquae
1175 1762 1329 1842 gerebant
1344 1760 1379 1821 in

224 1866 362 1931 sinistris
376 1864 555 1948 petiuerat,
573 1864 710 1927 dubium
724 1864 844 1948 clipeos
860 1887 901 1926 an
918 1864 1060 1955 armillas
1068 1888 1077 1939 3
1096 1864 1166 1940 illi,
1183 1875 1221 1926 ut
1235 1874 1268 1927 et
1282 1867 1380 1927 fidem

95 1999 99 2008 ¹
171 1985 202 2036 15
223 1973 385 2036 soluerent
406 1981 439 2033 et
464 1969 714 2046 ulciscerentur,
743 1969 855 2053 clipeis
877 1971 1020 2034 obruere.
1050 1970 1097 2032 ita
1122 1969 1269 2039 admissis
1295 1970 1381 2032 intra

222 2076 350 2141 moenia
361 2075 523 2156 hostibus,
540 2085 632 2140 atrox
646 2075 681 2137 in
695 2075 767 2158 ipso
781 2074 850 2138 foro
863 2096 987 2159 pugna,
1004 2077 1083 2138 adeo
1098 2086 1137 2137 ut
1151 2075 1312 2140 Romulus
1327 2077 1379 2138 Io-

222 2204 299 2245 uem
319 2192 439 2258 oraret,
467 2181 593 2245 foedam
619 2202 751 2244 suorum
772 2181 885 2264 fugam
905 2179 1049 2258 sisteret,
1073 2181 1150 2244 hinc
1171 2181 1328 2264 templum
1348 2191 1381 2243 et

224 2289 332 2352 Stator
347 2286 504 2371 Iuppiter.
514 2289 650 2362 ,tandem
664 2287 848 2349 furentibus
859 2286 1061 2350 interuenere
1075 2300 1186 2371 raptae
1200 2285 1313 2348 laceris
1328 2309 1380 2349 co·

223 2394 295 2457 mis.
325 2393 371 2456 sie
391 2415 456 2477 pax
477 2393 562 2455 facta
582 2414 658 2456 cum
672 2393 768 2456 Tatio
782 2393 959 2475 foedusque
973 2413 1180 2476 percussum,
1209 2401 1381 2472 secutaque
1458 2417 1462 2422 ⁸

170 2511 203 2562 20
221 2521 270 2562 res
285 2499 367 2560 mira
381 2499 489 2575 dictu,
514 2509 553 2561 ut
573 2497 694 2562 relictis
710 2497 841 2568 sedibus
855 2497 923 2560 suis
944 2492 1065 2560 nouam
1084 2496 1121 2558 in
1142 2479 1381 2558 urbem'hostes

223 2605 485 2687 demigrarent-et
499 2625 574 2665 oum
588 2602 714 2685 generis
736 2602 803 2665 suis
819 2602 925 2665 auitas
947 2623 1023 2685 opes
1044 2623 1102 2685 pro
1121 2604 1196 2666 dote
1211 2600 1379 2664 sociarent.

225 2709 327 2772 auctis
338 2709 432 2772 breui
445 2708 581 2783 uiribus,
598 2708 688 2770 hunc
701 2728 759 2770 rex
769 2707 1025 2791 sapientissimus
1037 2717 1158 2771 statum
1171 2709 1219 2770 rei
1233 2707 1382 2792 publicae

224 2814 367 2898 inposuit
376 2837 391 2880 :¹
402 2814 556 2877 iuuentus
571 2813 678 2877 diuisa
691 2835 749 2896 per
763 2812 867 2876 tribus
882 2813 917 2875 in
932 2814 1023 2896 equis
1045 2825 1078 2877 et
1100 2814 1196 2878 armis
1218 2815 1260 2877 ad
1274 2812 1382 2877 subita

211 2920 301 3001 ,belli
316 2920 508 2995 excubaret,
523 2919 704 2983 'consilium
726 2918 773 2982 rei
794 2918 944 3000 publicae
964 2941 1062 3002 penes
1084 2941 1176 2983 senes
1199 2924 1302 2995 esset,
1326 2919 1383 3002 qui
1455 2946 1457 2951 ·

170 3039 203 3088 25
224 3049 264 3089 ex
286 3025 476 3089 auctoritate
497 3036 603 3109 patres
613 3072 623 3101 ,
647 3025 689 3088 ob
711 3034 850 3088 aetatem
871 3035 1001 3088 senatus
1023 3026 1234 3112 uocabantur.
1263 3025 1316 3088 his
1336 3025 1384 3087 ita

224 3131 383 3194 ordinatis¹
406 3141 557 3215 repente,
589 3153 665 3194 cum
691 3129 875 3194 contionem
901 3129 1034 3193 haberet
1061 3141 1137 3194 ante
1162 3131 1275 3194 urbem
1304 3141 1384 3213 aput

224 3239 347 3320 Caprae
361 3237 532 3320 paludem,
559 3248 766 3320 econspectu
782 3237 910 3313 ablatus
933 3247 992 3317 est.
1024 3237 1221 3320 discerptum
1242 3236 1343 3318 aliqui
1364 3258 1384 3296 a

225 3353 339 3406 senatu
353 3353 471 3426 putant
486 3344 526 3405 ob
542 3342 684 3425 asperius
699 3333 885 3424 ingenium3
904 3343 961 3404 sed
976 3343 1087 3404 oborta
1101 3352 1274 3425 tempestas
1292 3339 1382 3403 solis·

226 3468 288 3528 que
303 3447 439 3509 defectio
460 3447 706 3510 consecrationis
729 3446 868 3530 speciem
887 3447 1071 3528 praebuere.
1104 3447 1158 3509 cui
1179 3469 1256 3510 mox
1278 3445 1383 3509 Iulius

147 3621 154 3628 .
173 3565 205 3614 30
227 3550 382 3614 Proculus
397 3553 494 3614 fidem
509 3552 602 3627 fecit,
619 3545 759 3614 uisum'a
770 3573 803 3613 se
819 3550 998 3614 Romulum
1013 3552 1184 3624 adfirmans
1200 3550 1384 3634 augustiore

225 3657 327 3719 forma
362 3677 459 3738 quam
487 3657 601 3721 fuisset
607 3679 616 3731 3
649 3656 801 3717 mandare
829 3664 993 3739 praeterea
1024 3667 1062 3718 ut
1099 3678 1132 3718 se
1159 3679 1217 3740 pro
1250 3656 1384 3718 numine

221 3983 235 4031 3
250 3979 332 4049 friges
343 3992 401 4032 ΒΙΝ
412 3979 420 4050 ll
433 3983 449 4034 6
461 3997 509 4034 rex
521 3979 568 4032 11²:
581 3997 624 4032 res
635 3978 707 4032 BIlN
717 3979 726 4049 ll
740 3982 754 4030 7
769 3997 838 4032 aem
850 3992 869 4030 Β
882 3978 920 4048 l9
939 3985 967 4031 et
978 3997 1020 4030 orn
1036 3993 1051 4032 1
1068 3979 1077 4049 ll
1093 3984 1124 4032 10
1137 3980 1256 4044 dirutum
1277 3991 1302 4032 N
1317 3980 1326 4049 ΙΙ
1354 3983 1382 4030 lt
1419 3986 1422 3993 '

226 4081 326 4134 agroue
339 4083 381 4118 om
393 4077 418 4118 N
428 4064 437 4134 ΙΙ
453 4064 663 4135 ltreportabitc
676 4065 685 4134 l
701 4067 730 4116 13
738 4065 868 4134 tarpeiam
874 4081 916 4116 om
928 4064 972 4133 Νὴ
985 4065 1104 4117 nomine.
1118 4064 1210 4118 dolose
1223 4064 1384 4134 puellaoen'-

223 4149 284 4217 paa':
298 4168 352 4203 non
366 4150 429 4204 dolo
437 4150 486 4204 sed
497 4149 587 4221 puella
597 4163 638 4215 Νι,
653 4167 703 4202 nec
715 4149 791 4202 dolos
804 4151 853 4203 sed
864 4149 954 4220 puella
964 4161 990 4200 N
1000 4149 1009 4217 ΙΙ
1024 4152 1054 4200 14
1068 4148 1202 4219 petierant
1212 4161 1237 4202 Ν
1248 4149 1258 4217 ll
1272 4152 1302 4200 15
1315 4156 1343 4200 et
1354 4153 1386 4199 ut

228 4234 251 4298 b,
265 4240 297 4286 ut
308 4235 351 4287 del
361 4249 381 4288 B
398 4235 407 4303 l
423 4239 451 4288 ll
466 4235 529 4288 hino
540 4248 590 4289 131:
603 4235 648 4288 hic
661 4235 701 4288 bN
712 4235 720 4304 ll
736 4237 766 4287 18
780 4234 932 4288 furentibus
944 4245 979 4286 Νι
993 4232 1132 4288 funeribus
1143 4245 1171 4296 Ι,
1186 4233 1350 4286 sevientibus
1362 4241 1388 4281 N

231 4319 240 4386 ll
254 4320 283 4368 21
305 4319 402 4373 *abitas
414 4332 433 4372 Β
446 4320 455 4389 ll
469 4324 501 4372 22
514 4321 603 4374 statim
618 4322 632 4373 d
646 4321 654 4391 ΙΙ
668 4324 699 4373 23
714 4320 781 4373 etin
793 4319 874 4372 armis
886 4329 911 4370 N
921 4319 930 4388 ll
944 4322 976 4370 24
987 4318 1057 4371 bella
1068 4331 1083 4369 1
1099 4318 1108 4386 ll
1128 4321 1159 4369 25
1173 4318 1208 4369 ab
1220 4311 1307 4374 aetate
1319 4315 1349 4365 [Ρ
1362 4314 1371 4380 ll

227 4403 374 4455 uocabatur
386 4405 433 4456 1511'
447 4404 456 4473 ll
470 4408 501 4457 26
515 4422 575 4456 cum
587 4413 697 4474 repente
710 4417 734 4457 N
745 4404 753 4473 ll
767 4408 798 4456 27
813 4405 925 4472 paludes
938 4416 952 4455 Ι
963 4403 972 4472 ΙΙ
986 4398 1122 4473 paludemt
1135 4416 1154 4455 N
1167 4403 1175 4470 ll
1189 4401 1294 4454 albatus
1307 4411 1325 4449 N
1338 4397 1346 4465 ll
