3300 5084
296 392 346 475 ,38
785 410 856 453 rvn1
872 409 969 453 mom

306 559 433 624 autem?
456 559 490 620 in
507 559 662 642 eligendis
683 559 925 642 magistratibus
946 581 1028 641 quae
1050 559 1268 629 centuriarum
1289 542 1458 643 sapientia,
1482 560 1507 620 I

305 686 381 728 cum
394 663 534 728 iuniores
550 687 570 729 a
584 665 761 728 senioribus
777 665 949 728 consilium
963 665 1003 727 de
1018 664 1164 728 creandis
1179 667 1365 730 consulibus
1379 664 1460 748 peti-

306 779 410 834 enrnt.
443 769 562 853 quippe
578 772 731 833 aduersus
746 770 873 838 hostem
887 769 1006 834 totiens
1022 769 1196 847 uictorem,
1219 781 1287 834 tam
1308 770 1461 834 callidum

306 898 372 938 non
386 874 508 940 uirtute
524 885 662 951 tantum,
680 876 737 938 sed
751 874 818 938 suis
834 874 933 938 etiam
946 897 1092 958 pugnare
1106 876 1249 941 consiliis
1265 878 1442 960 oportebat.
1505 897 1508 900 ⁴

392 980 501 1045 Prima
524 979 687 1043 redeuntis
704 990 754 1055 et,
783 993 819 1043 ut
840 980 886 1044 ita
907 976 1061 1056 dixerim,
1089 981 1314 1046 reuiuiscentis
1334 964 1461 1064 imperii
1483 995 1498 1042 5

306 1108 380 1170 spes
394 1085 514 1172 Fabius
529 1084 612 1159 fuit,
640 1077 696 1168 qui
710 1107 831 1149 nouam
846 1087 885 1148 de
899 1085 1061 1148 Annibale
1076 1086 1245 1151 uictoriam
1259 1097 1459 1151 commentus

306 1201 366 1266 est,
381 1182 450 1252 non
464 1213 619 1274 pugnare.
645 1191 721 1278 hinc
741 1191 791 1254 illi
807 1211 985 1274 cognomen
999 1213 1123 1256 nouum
1138 1203 1170 1255 et
1184 1192 1231 1256 rei
1245 1193 1394 1276 publicae
1410 1214 1458 1254 sa·

194 1375 196 1378 .
304 1295 409 1358 lutare
421 1305 587 1360 cunctator
595 1321 604 1372 ;
630 1285 706 1358 hinc
722 1296 805 1359 illud
820 1319 861 1360 ex
874 1297 1011 1379 populo,
1029 1307 1067 1359 ut
1080 1297 1207 1381 imperii
1221 1309 1351 1362 scutum
1366 1319 1459 1362 uoca-

304 1411 402 1464 retur.
428 1401 536 1484 itaque
557 1423 614 1484 per
635 1401 804 1464 Samnium
822 1411 951 1477 totum,
974 1423 1032 1485 per
1051 1404 1204 1469 Falernos
1227 1388 1459 1486 Gauranosque

306 1507 407 1570 saltus
423 1506 468 1569 sie
483 1507 659 1570 macerauit
672 1505 869 1570 Annibalem
891 1519 929 1571 ut
944 1507 1021 1588 quia
1034 1509 1141 1592 frangi
1154 1509 1276 1573 uirtute
1291 1514 1358 1573 nori
1371 1520 1460 1593 pote·
1483 1521 1521 1570 10'
1551 1591 1556 1596 ἡ
1634 1544 1636 1579 r

304 1623 355 1675 rat
380 1633 469 1674 mora
494 1612 773 1676 comminueretur.
810 1613 885 1675 inde
912 1613 1048 1677 Claudio
1075 1615 1230 1679 Marcello
1255 1617 1336 1678 duee
1362 1615 1458 1678 etiam
1502 1681 1506 1684 ,
1634 1604 1636 1628 '

305 1718 455 1808 congredi
471 1740 567 1782 ausus
584 1720 761 1782 comminus
776 1718 868 1782 uenit
883 1729 915 1782 et
929 1719 1070 1802 perpulit
1084 1719 1120 1782 in
1141 1720 1353 1803 Campaniam
1367 1742 1460 1783 suam

305 1834 337 1894 et
352 1825 392 1886 ab
408 1823 572 1888 obsidione
587 1825 691 1890 Nolae
706 1825 794 1888 urhis
811 1825 960 1888 exclusit.
985 1848 1083 1889 ausus
1099 1838 1131 1890 et
1146 1826 1341 1911 Sempronio
1357 1827 1456 1889 Grac·

305 1930 366 1992 cho
382 1931 462 1992 duce
477 1952 534 2013 per
545 1931 723 1994 Lucaniam
735 1931 827 2014 sequi
841 1945 874 1997 et
884 1953 1028 2015 premere
1035 1943 1125 2016 terga
1139 1933 1295 2009 cedentia,
1311 1930 1459 2016 quamuis

305 2046 376 2097 tum
390 2035 529 2118 populus
544 2038 711 2100 Romanus
728 2036 838 2098 seruili
852 2048 1011 2119 pugnaret
1026 2039 1170 2103 exercitu
1178 2063 1187 2114 ;
1205 2061 1282 2102 nam
1291 2040 1459 2119 hucusque
1482 2048 1513 2098 15

305 2150 353 2202 tot
368 2141 454 2202 mala
468 2140 701 2223 conpulerant..
715 2142 771 2204 sed
785 2141 933 2205 libertate
954 2143 1066 2205 donati
1087 2136 1234 2206 fecerunt
1253 2145 1293 2205 de
1309 2129 1410 2207 seruis
1426 2165 1461 2206 se

305 2245 426 2309 uirtute
442 2248 616 2310 Romanos.
642 2269 660 2311 ο
682 2245 867 2308 horribilem
889 2246 925 2308 in
940 2257 988 2309 tot
1008 2248 1151 2310 aduersis
1166 2236 1335 2310 fiduciam!
1361 2246 1458 2310 osin-

305 2351 449 2434 gularem
464 2352 609 2414 animum
625 2374 661 2414 ac
677 2351 828 2434 spiritum
841 2351 954 2433 populi
975 2351 1132 2414 Romani!
1160 2360 1228 2412 tam
1250 2350 1327 2413 artis
1350 2351 1457 2413 adflic-

305 2457 410 2539 tisque
425 2458 520 2520 rebus
535 2468 572 2519 ut
587 2459 626 2519 de
648 2456 745 2519 Italia
760 2478 818 2518 sua
833 2455 979 2519 dubitare
999 2443 1162 2518 debuisset
1177 2460 1275 2519 ausus
1291 2466 1400 2518 tamen
1411 2466 1460 2519 est

295 2562 341 2623 -in
356 2563 483 2624 diuersa
497 2562 670 2645 respicere,
698 2582 836 2643 cumque
859 2560 960 2628 hostis
980 2559 1016 2622 in
1035 2560 1148 2643 iugulo
1167 2583 1225 2644 per
1246 2562 1458 2645 Campaniam
1478 2575 1512 2624 20

304 2668 520 2751 Apuliamque
534 2667 684 2729 uolitaret
703 2666 907 2748 mediamque
918 2668 958 2728 de
976 2665 1075 2729 Italia
1090 2666 1234 2730 Africam
1251 2667 1388 2743 ficeret,
1408 2690 1458 2730 eo·

305 2775 378 2836 dem
394 2783 535 2854 tempore
547 2780 579 2834 et
594 2773 681 2836 hunc
697 2771 876 2834 sustinebat
891 2785 923 2833 et
937 2771 973 2834 in
989 2770 1134 2834 Siciliam
1146 2771 1328 2836 Sardiniam
1339 2772 1459 2856 Hispa·

227 2957 229 2964 ¹
304 2876 393 2938 niam
407 2875 512 2939 diuisa
526 2897 583 2960 per
598 2886 754 2938 terrarum
769 2877 877 2940 orbem
892 2899 980 2939 arma
992 2876 1153 2939 mittebat.

391 2980 506 3046 Sicilia
516 2983 669 3046 mandata
684 2982 851 3045 Marcello.
874 2967 934 3043 nec
949 2981 1006 3043 diu
1020 2982 1149 3045 restitit.
1160 2993 1237 3045 tota
1251 2982 1336 3045 enim
1351 2981 1458 3045 insula

304 3087 338 3149 in
354 3107 421 3149 una
436 3088 514 3151 urbe
530 3096 680 3170 superata
694 3097 752 3150 est.
777 3088 899 3169 grande
919 3087 1051 3150 illudet
1071 3098 1148 3151 ante
1162 3089 1197 3150 id
1210 3099 1337 3170 tempus
1352 3086 1454 3148 inuic-
1478 3099 1510 3165 25

303 3202 375 3254 tum
390 3205 498 3275 caput,
517 3193 710 3276 Syracusae,
728 3192 875 3274 quamuis
889 3191 1092 3257 Archimedis
1107 3192 1238 3275 ingenio
1252 3192 1457 3278 defenderen-

303 3307 374 3372 tur,
392 3296 564 3379 aliquaudo
587 3308 761 3360 cesserunt.
792 3298 889 3381 longe
916 3298 968 3361 illi
989 3299 1106 3382 triplex
1127 3319 1240 3361 murus
1261 3297 1457 3380 totidemque

305 3426 404 3480 arces,
421 3413 532 3486 portus
546 3402 602 3465 ille
617 3425 812 3466 marmoreus
829 3413 862 3466 et
875 3404 947 3467 fons
968 3405 1147 3467 celebratus
1168 3402 1368 3478 Arethusae3
1388 3402 1457 3466 'nisi

304 3511 391 3593 quod
403 3508 561 3572 hactenus
572 3507 720 3590 profuere
735 3519 772 3571 ut
790 3491 1027 3591 pulchritudini
1038 3509 1144 3572 uictae
1161 3509 1250 3572 urbis
1261 3518 1455 3593 parceretur.

302 3708 317 3756 2
331 3704 487 3772 petiuerunt
498 3703 523 3755 ’Β
534 3701 542 3772 11
556 3705 570 3754 5
584 3709 615 3754 ut
627 3701 665 3753 sic
678 3701 792 3753 dixerim
803 3712 830 3754 Ν
839 3703 848 3772 11
861 3702 1056 3756 reuiuescentis
1067 3715 1087 3756 Β
1099 3703 1108 3774 11
1121 3706 1137 3756 6
1150 3703 1240 3756 fanins
1251 3715 1277 3755 Ν
1286 3703 1295 3774 11
1309 3705 1324 3755 8
1337 3703 1399 3756 illut
1410 3703 1454 3772 Nl!

303 3793 318 3840 9
332 3796 419 3840 totum
431 3805 479 3859 per
490 3787 606 3840 salernos
618 3805 660 3839 om
671 3799 691 3839 Β
704 3786 712 3856 11
728 3790 758 3839 10
772 3786 819 3856 qui
830 3799 856 3840 Β
867 3787 876 3857 11
891 3789 921 3839 12
935 3804 1017 3840 ausus
1030 3794 1072 3841 est
1082 3799 1141 3841 ΒΙΝ
1156 3788 1166 3858 1
1184 3787 1290 3858 pepulit
1299 3788 1374 3857 ΙΡΝ1
1387 3805 1456 3840 cam-

303 3873 384 3942 pania
396 3889 444 3924 sua
454 3883 499 3925 ΒΝ
509 3872 517 3940 11
533 3873 562 3924 13
577 3872 696 3924 excussit
707 3883 731 3924 N
743 3871 751 3940 11
767 3874 796 3926 15
809 3878 876 3924 tunc
887 3872 932 3942 111
950 3873 1068 3942 populus
1085 3874 1226 3926 Romanus
1242 3871 1352 3940 tempsi.-
1370 3872 1459 3941 pudor

303 3971 331 4021 Β,
347 3958 452 4027 opudor
463 3969 502 4010 ΙΝ
513 3957 521 4028 1
534 3975 630 4010 manus
642 3956 735 4010 seruili
746 3965 882 4027 pugnaret
893 3970 987 4010 namn
997 3959 1006 4028 1
1019 3957 1191 4011 exereituma
1204 3957 1213 4026 11
1225 3957 1358 4025 lucusque
1369 3969 1389 4010 Β
1402 3958 1410 4027 11
1426 3961 1457 4010 16

303 4042 484 4112 conpulerunt
495 4056 510 4096 Ι
522 4044 530 4114 11
544 4045 666 4096 lecerunt
683 4043 716 4094 de
729 4041 814 4094 seruis
832 4059 861 4094 se
873 4043 976 4096 uirtute
988 4044 1127 4096 Romanos
1138 4040 1278 4110 Hauptiur
1295 4043 1458 4096 Sclnmsr'um

303 4133 422 4181 secatus:
438 4128 560 4192 fecerunt
571 4129 605 4180 de
618 4127 749 4180 seruitute
768 4143 894 4181 romanos
912 4139 940 4191 Β,
954 4127 1075 4180 fecerant
1086 4128 1120 4179 de
1132 4126 1265 4180 seruitute
1281 4143 1407 4180 romanos
1424 4139 1455 4191 Β,

303 4213 336 4266 de
349 4212 480 4266 seruitute
491 4229 617 4267 romanos
628 4214 751 4265 fecerunt
762 4212 797 4282 111
813 4217 843 4264 12
856 4212 885 4265 in
898 4211 1061 4281 singularem
1072 4224 1093 4264 Β
1105 4212 1114 4280 1
1129 4215 1161 4264 19
1173 4229 1236 4264 eum
1247 4212 1282 4264 de
1292 4223 1318 4264 Β
1328 4211 1338 4280 1
1351 4229 1400 4264 sua
1411 4212 1457 4264 de·

303 4299 396 4350 cedere
410 4298 548 4350 debuisset
560 4310 597 4360 -Β,
620 4315 669 4350 sua
687 4297 824 4350 dubitaret
835 4309 859 4350 Β
871 4298 880 4367 11
894 4301 927 4349 20
938 4297 1030 4348 hostes
1049 4296 1077 4348 iu
1094 4295 1191 4365 iugulo
1207 4309 1243 4360 Β,
1263 4296 1458 4367 hostitsingulo

302 4395 320 4435 Β
334 4384 386 4452 1121
402 4383 548 4436 uolitarent
559 4393 584 4433 N
595 4383 603 4451 11
616 4382 736 4434 facerent
746 4393 772 4436 Ν
786 4381 794 4452 11
809 4386 841 4436 22
854 4382 969 4451 hispiam
983 4381 1012 4444 b,
1026 4380 1172 4450 hispiniam
1185 4394 1203 4433 Β
1216 4381 1225 4451 11
1239 4385 1272 4433 25
1284 4381 1403 4435 inuictus
1414 4395 1433 4435 Β
1444 4381 1455 4451 11

304 4469 335 4520 26
350 4467 459 4537 quasuis
471 4481 490 4521 Β
504 4468 512 4536 11
527 4471 558 4519 29
571 4473 682 4519 actenus
695 4468 735 4520 bn·
745 4467 754 4536 11
1274 4475 1281 4486 “
