3300 5084
274 355 316 414 to
766 371 837 414 1vn1
853 369 952 414 raom

273 531 341 597 rat,
363 521 480 594 iamet
501 518 632 604 Capua,
664 521 754 584 sedes
776 531 808 583 et
830 521 935 604 patria
955 520 1057 582 altera
1077 520 1267 596 Annibalis,
1298 522 1427 583 teneba-
1450 521 1475 581 I

275 639 346 702 tur,
376 626 467 688 cuius
490 625 618 689 amissio
642 635 769 688 tanturn
791 628 902 688 Poeno
924 625 998 688 duci
1014 626 1155 708 dolorem
1170 625 1278 701 dedit,
1302 634 1340 688 ut
1354 626 1430 689 inde

275 731 350 795 totis
373 730 496 795 uiribus
518 715 657 793 Romam
677 740 929 794 conuerteretur.
961 754 981 794 o
1000 733 1158 815 populum
1186 732 1322 815 dignum
1344 731 1428 795 orbis
1488 762 1504 769 ··

274 835 428 921 imperio,
460 835 659 919 dignumque
688 835 833 898 omnium
854 836 965 898 fauore
981 846 1014 898 et
1036 836 1246 900 admiratione
1261 836 1430 900 hominum

275 963 311 1005 ac
327 941 476 1004 deorum!
501 941 676 1025 conpulsus
690 941 732 1004 ad
746 941 878 1004 ultimos
892 950 997 1004 metus
1013 943 1054 1004 ab
1068 942 1196 1025 incepto
1211 963 1279 1004 non
1293 940 1428 1018 destitit,
1447 924 1478 1002 δ”
1514 967 1517 970 ’

275 1059 307 1110 et
322 1049 361 1110 de
377 1069 435 1110 sua
449 1049 528 1110 urbe
550 1046 707 1132 sollicitus
729 1047 875 1130 Capuam
896 1055 1004 1109 tamen
1026 1069 1092 1109 non
1112 1046 1237 1121 omisit3
1261 1047 1318 1110 sed
1338 1057 1429 1128 parte

275 1153 432 1216 exercitus
449 1154 507 1216 sub
531 1151 638 1235 Appio
665 1151 796 1214 consule
817 1143 949 1227 relicta.
975 1162 1067 1235 parte
1089 1153 1241 1215 Flaccum
1263 1150 1299 1213 in
1317 1152 1429 1212 urbem

275 1270 396 1335 secuta,
413 1261 526 1322 absens
542 1257 638 1321 simul
652 1278 865 1340 praesensque
879 1259 1056 1340 pugnabat.
1082 1257 1160 1341 quid
1181 1279 1256 1340 ergo
1276 1257 1429 1320 miramur

164 1365 167 1376 '
274 1363 419 1432 mouenti
434 1374 537 1426 castra
551 1385 570 1424 a
585 1361 679 1425 tertio
694 1362 800 1445 lapide
814 1362 972 1425 Annibali
992 1363 1111 1426 iterum
1131 1362 1218 1446 ipsos
1241 1364 1319 1426 deos
1339 1362 1429 1427 resti-

275 1469 369 1534 tissa?
392 1471 467 1533 deos
482 1468 627 1550 inquam,
644 1489 704 1529 nec
726 1466 818 1530 fateri
840 1469 987 1550 pudebit.
1013 1479 1105 1532 tanta
1127 1451 1214 1531 enini
1229 1469 1270 1530 ad
1285 1468 1428 1552 singulos
1450 1479 1482 1530 to

274 1575 361 1637 illius
377 1584 483 1637 motus
506 1573 555 1636 uis
576 1573 729 1635 imbrium
750 1573 852 1636 effusa
877 1584 942 1650 est,
967 1585 1059 1637 tanta
1080 1585 1253 1638 uentorum
1273 1573 1430 1637 uiolentia

274 1691 381 1744 coorta
396 1690 460 1756 est,
483 1691 520 1743 ut
542 1677 699 1743 diuinitus
714 1677 841 1741 hos-tem
855 1700 1057 1742 summouere
1072 1701 1139 1742 non
1154 1679 1295 1755 aceolo,
1317 1681 1374 1741 sed
1388 1679 1429 1741 ab

273 1786 360 1849 urbis
376 1785 477 1868 ipsius
492 1785 660 1849 moenibus
682 1794 714 1846 et
735 1783 896 1866 Capitolio
919 1784 1093 1848 uideretur.
1118 1783 1204 1868 fugit
1225 1795 1258 1847 et
1279 1783 1373 1847 cessit
1395 1794 1428 1846 et

273 1892 309 1954 in
321 1891 484 1980 ¹ultimum
499 1913 533 1955 se
554 1890 669 1954 Italiae
688 1889 808 1972 recepit
829 1890 953 1967 sinum,
979 1913 1053 1954 cum
1075 1893 1188 1955 urbem
1210 1901 1338 1956 tantum
1363 1883 1429 1953 non

274 2000 439 2061 adoratam
452 1979 665 2078 reliquisset.u
690 2016 791 2076 parua
812 2017 862 2058 res
885 1995 974 2058 dictu
995 1999 1051 2059 sed
1066 1999 1108 2060 ad
1130 1993 1479 2080 magnanimitatem[l]

272 2103 384 2188 populi
397 2101 538 2164 Romani
552 2101 751 2182 probandam
766 2098 844 2161 satis
860 2101 991 2176 efficax,
1016 2104 1101 2183 quod
1123 2102 1188 2165 illis
1198 2116 1201 2120 '
1210 2103 1288 2186 ipsis
1311 2101 1428 2184 quibus

274 2207 477 2270 obsidebatur
492 2205 604 2268 diebus
620 2227 706 2287 ager,
724 2225 821 2287 quem
834 2203 979 2266 Annibal
990 2206 1101 2267 castris
1113 2206 1284 2280 insederat,
1302 2205 1427 2285 uenalis
1445 2239 1448 2243 ¹

273 2315 396 2376 Romae
411 2311 473 2376 fuit
488 2312 662 2393 hastaeque
685 2307 848 2372 subiectus
869 2306 998 2370 inuenit
1012 2318 1206 2390 emptorem.
1232 2308 1338 2371 uoluit
1358 2311 1426 2409 An·

273 2419 363 2485 nibal
378 2428 489 2482 contra
503 2415 622 2480 imitari
636 2413 789 2477 fiduciam
804 2411 1003 2495 subiecitque
1015 2413 1210 2495 argentarias
1221 2413 1309 2476 urbis
1321 2415 1425 2476 taber-

274 2541 351 2598 nas3
384 2544 443 2584 nec
466 2534 567 2588 sector
587 2509 740 2585 inuentus
770 2528 837 2592 est,
868 2527 906 2579 ut
932 2517 1012 2580 scias
1042 2517 1140 2581 etiam
1159 2518 1326 2601 praesagia
1351 2517 1427 2581 fatis
1447 2505 1490 2580 20⁰
1513 2576 1516 2583 .

274 2627 424 2690 adfuisse.

357 2733 458 2796 Nihil
468 2743 575 2796 actum
590 2741 658 2794 erat
673 2740 764 2793 tanta
777 2729 919 2806 uirtute,
937 2740 1028 2792 tanto
1042 2729 1153 2793 fauore
1168 2730 1266 2792 etiam
1280 2732 1425 2806 deomm,

273 2831 321 2898 ''si
337 2836 466 2918 quidem
481 2839 521 2899 ab
537 2836 700 2919 Hispania
720 2835 909 2898 Hasdrubal
928 2836 1026 2898 frater
1047 2835 1220 2898 Annibalis
1241 2857 1317 2898 cum
1337 2857 1425 2898 exer·
1446 2835 1472 2896 I

272 2941 337 3004 citu
354 2963 458 3017 nouo,
475 2941 570 3005 nouis
585 2941 725 3017 uiribus,
741 2962 828 3003 noua
841 2939 919 3003 belli
933 2940 1018 3003 mole
1040 2939 1202 3003 ueniebat.
1228 2952 1337 3006 actum
1359 2950 1426 3003 erat
1450 3003 1453 3010 ,

271 3047 383 3129 procul
399 3047 509 3123 dubio,
527 3048 554 3110 si
571 3047 622 3109 uir
636 3047 691 3109 ille
703 3068 736 3109 se
748 3067 824 3108 cum
838 3046 936 3108 fratre
947 3045 1119 3108 iunxisset.
1134 3057 1183 3108 set
1195 3045 1284 3108 hunc
1299 3066 1425 3128 quoque
1445 3055 1478 3104 25

272 3161 398 3213 tanturn
415 3154 500 3233 quod
516 3154 555 3215 ab
569 3153 654 3235 Alpe
668 3153 875 3214 descenderat
890 3162 970 3233 aput
984 3152 1171 3213 Metaurum
1185 3161 1289 3213 eastra
1303 3161 1425 3220 metan-

272 3267 338 3318 tem
364 3256 520 3320 Claudius
547 3259 634 3320 Nero
660 3279 736 3319 cum
761 3255 858 3319 Liuio
885 3256 1065 3319 Salinatore
1091 3256 1241 3318 debellat.
1276 3256 1363 3318 Nero
1390 3253 1426 3315 in

271 3361 386 3425 ultimo
403 3361 518 3425 Italiae
534 3363 653 3446 angulo
669 3363 895 3425 summouebat
909 3361 1123 3437 Annibalem,
1140 3359 1254 3423 Liuius
1269 3359 1305 3422 in
1320 3358 1425 3422 diuer-

271 3467 430 3530 sissimam
444 3478 587 3552 partem,
612 3467 646 3531 id
668 3479 716 3530 est
738 3468 773 3529 in
796 3467 883 3552 ipsas
903 3465 1065 3531 nascentis
1081 3465 1196 3528 Italiae
1210 3463 1320 3528 fauces
1335 3463 1428 3547 signa

272 3833 283 3882 1
299 3829 376 3881 sedes
389 3828 485 3880 domus
498 3833 525 3879 et
536 3839 576 3890 ΒΙ,
592 3827 669 3879 sedes
680 3833 707 3880 et
727 3827 823 3878 domus
836 3833 865 3878 et
881 3838 906 3878 N
916 3826 925 3896 11
939 3829 954 3878 2
974 3825 1110 3878 ammissio
1122 3837 1142 3878 Β
1154 3825 1209 3895 11111
1218 3824 1266 3877 ille
1278 3813 1344 3875 totis
1355 3833 1379 3873 N
1390 3820 1398 3890 11
1412 3825 1428 3872 l

271 3931 322 3983 que
335 3931 376 3966 om
388 3925 412 3964 N
430 3913 438 3984 11
457 3917 472 3964 5
487 3913 574 3965 ultum
585 3907 635 3967 hos
648 3905 735 3966 metris
747 3922 772 3964 N
782 3910 791 3980 11
805 3915 819 3962 ’1
833 3910 900 3964 urbe
911 3922 930 3969 Β
943 3909 952 3980 11
965 3913 981 3962 9
993 3909 1124 3963 restitisse
1131 3914 1195 3978 post
1210 3907 1324 3977 pudebit
1334 3919 1360 3959 Ν
1370 3907 1379 3976 11
1395 3909 1425 3957 to

271 3999 336 4050 deos
351 4027 378 4035 -
394 3997 504 4067 inquam
517 4015 558 4050 om
569 4010 585 4050 Ι
595 3999 604 4068 11
625 4001 655 4050 12
669 3998 780 4051 cohorte
792 4009 811 4050 Β
824 3995 834 4065 11
847 4012 1016 4048 summouere
1034 3993 1158 4070 Tolliusa
1169 3992 1334 4045 summoueri
1346 4003 1404 4043 ΒΙΝ
1414 3990 1423 4059 11

270 4099 320 4134 nec
332 4082 419 4134 caeles
436 4095 459 4134 N
471 4083 479 4146 11
496 4086 525 4135 13
544 4083 672 4153 capitolio
691 4083 755 4136 ferri
773 4081 913 4135 uideretur
930 4092 955 4133 N
965 4080 974 4150 11
987 4079 1079 4148 itaque
1097 4077 1168 4147 fugit
1186 4087 1225 4128 ΙΝ
1235 4075 1244 4146 11
1259 4077 1290 4128 14
1308 4076 1428 4146 reccepit

269 4180 288 4222 B
301 4167 310 4237 11
324 4168 416 4220 urbem
429 4174 532 4221 tantam
544 4187 599 4221 non
613 4168 750 4220 adoratam
760 4179 788 4231 1,
808 4166 903 4218 urbem
915 4171 1001 4217 totam
1012 4180 1068 4215 non
1079 4163 1249 4215 inadoratam
1260 4173 1280 4212 Β
1292 4160 1302 4230 1
1317 4164 1349 4213 16
1362 4159 1429 4230 quid

269 4265 288 4307 B
301 4253 310 4323 1
326 4255 354 4304 11
369 4251 499 4306 insiderat
514 4265 541 4306 N
550 4255 558 4324 11
574 4255 605 4306 ta
624 4251 751 4306 immitari
771 4264 790 4303 Β
803 4251 813 4321 11
825 4249 951 4304 fiduciam
969 4247 1069 4300 imitari
1087 4259 1112 4298 N
1130 4247 1140 4316 11
1157 4245 1327 4315 subiectique
1338 4256 1358 4297 Β
1371 4243 1380 4314 11
1394 4247 1424 4296 21

270 4337 353 4390 fuisse
365 4349 390 4390 N
401 4337 409 4406 11
423 4341 456 4390 23
468 4337 573 4407 ispania
584 4349 604 4390 Β
616 4336 625 4407 11
639 4335 758 4390 exercito
772 4336 788 4386 b
800 4335 808 4404 11
823 4339 855 4388 26
868 4338 974 4388 tantum
987 4361 1021 4372 —-
1029 4331 1185 4384 Metaurum
1197 4343 1272 4383 omN
1282 4329 1291 4399 11
1304 4329 1430 4400 apudque

269 4423 305 4491 111
319 4426 351 4475 28
364 4422 464 4491 angulo
477 4422 567 4474 italiae
578 4434 604 4474 N
614 4422 623 4491 11
636 4426 818 4474 summoueret
830 4433 864 4472 ΒΙ
875 4421 883 4489 11
