3300 5084
285 313 325 376 68
712 327 713 330 ’
773 333 844 376 1vu1
859 333 957 402 mosi

285 483 429 546 conscius
447 482 513 546 sibi
534 481 645 564 magni
665 481 782 544 laboris
802 482 938 545 Isaurici
955 456 1139 564 cognomen
1161 479 1335 543 adamauit.
1369 502 1455 543 non.

285 587 356 650 ideo
373 598 481 650 tamen
496 596 543 649 tot
558 586 701 648 cladibus
716 587 831 649 domiti
846 577 929 649 ferra
943 609 976 650 se
991 585 1154 648 continere
1168 596 1343 669 potuerunt
1351 611 1360 662 3
1380 589 1436 649 sed

286 703 321 754 ut
337 694 493 774 quaedam
508 690 671 766 animalia,
689 691 805 773 quibus
817 680 933 773 aquam
945 703 1122 773 terramque
1133 691 1295 754 incolendi
1306 691 1437 774 gemina

284 808 399 861 natura
414 808 480 872 est,
498 797 557 859 sub
572 795 641 877 ipso
656 795 756 858 hostis
770 818 897 859 recessu
911 797 1107 879 inpatientes
1123 797 1183 860 soli
1197 797 1232 859 in
1248 820 1346 879 aquas
1362 819 1435 859 suas

284 903 492 976 resiluerunt,
510 911 542 964 et
558 900 721 982 aliquanto
736 901 833 964 latius
847 920 945 983 quam
958 903 1046 984 prius
1062 902 1190 965 Siciliae
1206 925 1331 984 quoque
1346 903 1440 965 litora
1459 915 1475 962 5

285 1019 318 1072 et
340 1006 552 1090 Campaniam
572 1015 714 1068 nostram
736 1007 842 1070 subito
869 1008 1012 1069 aduentu
1037 1017 1151 1070 terrere
1176 1008 1360 1070 uoluerunt.
1391 1006 1436 1069 sic
1467 1037 1480 1058 .

285 1113 373 1177 Cilix
388 1113 504 1195 dignus
519 1111 654 1174 uictoria
669 1111 803 1193 Pompei
824 1110 913 1174 uisus
936 1122 985 1174 est
1004 1122 1037 1174 ct
1051 1112 1291 1174 Mithridaticae
1305 1111 1434 1194 prouin-
1487 1177 1491 1182 ,

285 1219 353 1281 cine
368 1218 471 1280 factus
487 1216 635 1279 accessio.
659 1215 715 1277 ille
731 1215 906 1297 dispersam
921 1225 988 1278 toto
1002 1216 1084 1278 mari
1103 1228 1226 1299 pestem
1241 1218 1339 1280 semel
1354 1216 1436 1280 etin

285 1334 473 1407 perpetuum
490 1321 602 1384 uolens
617 1321 804 1404 extinguere
819 1319 932 1385 diuino
947 1322 1086 1402 quodam
1101 1333 1256 1404 apparatu
1271 1326 1437 1405 adgressus

286 1439 345 1492 cst.
371 1428 488 1510 quippe
503 1449 577 1489 cum
592 1426 744 1490 classibus
760 1436 793 1488 et
807 1425 873 1488 suis
888 1436 920 1488 et
934 1425 1105 1490 socialibus
1119 1411 1321 1491 Rhodiorum
1336 1430 1435 1491 abun·
1458 1440 1490 1489 10

287 1537 395 1609 daret,
419 1533 564 1615 pluribus
584 1532 699 1615 legatis
715 1542 809 1614 atque
824 1531 992 1613 praefectis
1006 1542 1141 1615 utraque
1157 1534 1255 1596 Ponti
1264 1544 1302 1606 ¹ct
1316 1533 1438 1598 Oceani

287 1663 343 1703 ora
358 1639 532 1721 conplexus
545 1650 603 1700 est.
628 1637 754 1700 Gellius
767 1639 872 1700 Tusco
883 1637 964 1699 mari
978 1637 1149 1719 inpositus,
1167 1639 1293 1702 Plotius
1310 1639 1434 1714 Sicul03
1473 1680 1477 1684 ·

288 1744 446 1808 Gratillus
462 1742 665 1826 Ligusticum
680 1743 805 1819 sinum,
829 1741 1002 1825 Pompeius
1018 1743 1182 1805 Gallicum
1197 1744 1321 1807 obsedit
1329 1791 1351 1820 ‚.
1361 1745 1438 1806 Tor·

288 1831 403 1934 quatus
418 1848 638 1923 Balearicum,
663 1848 809 1911 Tiberius
825 1848 912 1909 Nero
928 1847 1127 1910 Gaditanum
1144 1850 1280 1926 fretum,
1297 1871 1360 1932 qua
1373 1848 1437 1931 pri·

287 1978 377 2019 mum
392 1954 488 2017 maris
503 1954 603 2018 nostri
618 1954 717 2016 limen
734 1954 893 2036 aperitur,
910 1952 1068 2016 Lentulus
1084 1953 1259 2036 Libycum,
1277 1953 1436 2017 Marcelli·
1459 1965 1492 2015 15

288 2084 349 2124 nus
364 2058 573 2142 Aegyptium,
591 2058 726 2140 Pompei
742 2057 875 2121 iuuenes
892 2057 1135 2133 Hadriaticum
1154 2061 1255 2124 Varro
1270 2059 1439 2122 Terentius

287 2169 469 2249 Aegaeum3
499 2174 531 2226 ct
557 2163 730 2226 Ponticum
749 2173 782 2225 et
802 2164 1032 2245 Pamphylium
1058 2164 1230 2239 Metellus,
1257 2164 1438 2227 Asiaticum

288 2270 429 2352 Caepi03
472 2267 556 2350 ipsas
592 2267 806 2351 Propontidos
842 2267 950 2330 fauces
989 2268 1122 2331 Porcius
1159 2270 1241 2331 Cato
1271 2269 1328 2331 sic·
1347 2269 1436 2356 obdi-

289 2376 330 2439 tis
356 2374 494 2438 nauibus
520 2373 611 2456 quasi
642 2384 767 2456 portam
793 2373 963 2437 obserauit.
1009 2374 1055 2436 sic
1076 2395 1133 2456 per
1161 2373 1439 2455 omnis-aequoris

290 2492 399 2565 portus
427 2480 516 2544 sinus
541 2480 678 2543 latebras
699 2501 840 2543 recessus
860 2478 1082 2562 promunturia
1102 2479 1183 2541 freta
1196 2501 1297 2560 paene
1319 2479 1441 2542 insulas
1461 2491 1495 2540 20

289 2587 444 2671 quidquid
465 2585 641 2667 piratarum
669 2585 731 2647 fuit
753 2587 892 2668 quadam
912 2584 1066 2668 indagine
1090 2584 1252 2647 inclusum
1285 2596 1343 2648 est.
1373 2585 1441 2666 ipse

291 2674 464 2775 Pompeius
490 2689 525 2750 in
552 2690 709 2772 originem
733 2690 918 2773 fontemque
943 2690 1022 2754 belli
1048 2690 1216 2767 Ciliciam,
1249 2713 1309 2752 nec
1334 2691 1441 2753 hostes

290 2799 506 2859 detractauere
521 2804 692 2857 certamen.
721 2817 787 2856 non
803 2817 844 2857 ex
857 2795 994 2870 fiducia,
1017 2797 1074 2857 sed
1088 2796 1164 2878 quia
1179 2795 1320 2878 oppressi
1336 2806 1438 2871 eraut,

268 2884 271 2892 i
291 2899 361 2962 ausi
376 2898 583 2973 uidebantur;
610 2901 665 2961 scd
680 2898 764 2960 nihil
779 2909 888 2961 tamen
903 2899 1060 2980 amplius,
1084 2921 1181 2981 quam
1195 2912 1232 2962 ut
1247 2903 1287 2962 ad
1301 2899 1441 2980 primum

290 3005 391 3066 ictum
403 3013 635 3064 concurrerent.
653 3023 729 3064 mox
740 3001 796 3064 ubi
806 3002 999 3066 circumfusa
1010 3003 1152 3085 undique
1164 3014 1265 3065 rostra
1275 3004 1439 3079 uiderunt,
1462 3016 1497 3066 25

292 3106 422 3171 abiectis
438 3104 546 3168 statim
562 3106 634 3168 telis
649 3105 807 3188 remisque
821 3106 938 3188 plausu
953 3107 1095 3189 undique
1110 3107 1197 3189 pari,
1221 3109 1306 3189 quod
1321 3107 1442 3191 ¹suppli,-

178 3211 186 3225 '
292 3212 436 3276 cantium
451 3209 580 3292 signum
594 3210 673 3286 fuit,
697 3210 800 3306 uitam
814 3211 1009 3292 petiuenmt·
1034 3232 1101 3272 uon
1116 3211 1179 3273 alia
1194 3222 1260 3274 tam
1275 3212 1444 3276 incruenta
1518 3246 1522 3254 ·

291 3316 426 3380 uictoria
437 3314 488 3376 usi
498 3337 652 3398 umquam
667 3337 776 3378 sumus
783 3341 792 3391 ;
811 3317 867 3378 sed
882 3337 941 3377 nec
956 3315 1093 3377 fideliori
1103 3316 1139 3377 in
1153 3328 1328 3400 posterum.
1345 3318 1443 3400 idque

293 3429 495 3506 prospectum
521 3420 677 3503 singulari
702 3420 836 3483 consilio
862 3420 970 3496 ducis,
1002 3421 1058 3502 qui
1085 3422 1283 3486 maritimum
1309 3445 1411 3506 genus
1427 3445 1446 3484 a

295 3527 468 3609 conspectu
482 3525 578 3608 longe
592 3526 730 3589 remouit
744 3527 842 3590 maris
857 3536 889 3588 et
903 3525 1143 3590 mediterrancis
1159 3528 1243 3610 agris
1258 3529 1350 3610 quasi
1365 3529 1443 3592 obli·
1465 3537 1498 3589 30

294 3788 310 3836 5
323 3783 456 3836 siluerunt
466 3792 486 3834 Β
499 3779 507 3850 11
520 3779 596 3849 prius
608 3780 646 3832 sic
658 3780 719 3833 illos
732 3798 841 3851 quoque
853 3787 916 3834 ante
927 3798 992 3834 mox
1003 3781 1118 3834 subruto
1127 3780 1210 3850 epirei
1222 3787 1302 3849 portu
1314 3794 1339 3833 N
1347 3787 1374 3832 et
1384 3782 1444 3833 sub-

293 3867 382 3936 iuapt't
397 3883 478 3934 supra
492 3883 514 3933 p
527 3869 568 3928 64,
584 3868 616 3916 25
635 3866 731 3919 οηιίεεα
744 3865 782 3934 116
801 3872 917 3918 terraere
932 3877 953 3917 B
965 3865 974 3933 11
994 3865 1084 3917 uoluit
1099 3878 1125 3918 N
1134 3866 1143 3935 11
1157 3867 1194 3918 sic
1215 3865 1281 3917 felix
1300 3872 1328 3916 et
1346 3865 1445 3933 dignus

295 3951 409 4004 uictoria
426 3950 567 4020 pompeius
579 3951 623 4020 Ν11
644 3950 756 4002 8fectas
768 3963 793 4002 N
811 3951 819 4020 11
837 3957 896 4002 tota
911 3962 930 4000 Β
949 3948 958 4018 11
977 3949 1175 4022 imperpetuum
1192 3963 1215 4002 N
1235 3950 1243 4018 11
1264 3952 1295 4000 10
1315 3947 1446 4000 classibus

295 4037 351 4090 suis
362 4047 387 4087 Ν
398 4035 406 4105 11
419 4035 619 4088 habundaretB
632 4034 640 4104 11
655 4037 686 4086 12
699 4033 803 4103 plocius
814 4046 838 4085 N
850 4033 860 4103 11
875 4037 906 4087 13
918 4034 1053 4102 gratillius
1065 4048 1096 4097 N,
1111 4035 1142 4085 P.
1153 4033 1254 4085 Atilius
1270 4033 1420 4084 &naeuius
1433 4033 1442 4103 11

295 4119 462 4188 Pomponius
474 4118 603 4171 Dakcraa
616 4117 625 4188 11
638 4117 805 4188 lugusticum
815 4129 836 4171 Β
848 4118 857 4188 1
872 4120 903 4168 15
916 4118 1028 4171 libicum
1039 4131 1059 4170 Β
1071 4120 1080 4187 1
1095 4121 1125 4170 18
1139 4117 1243 4186 portius
1254 4129 1279 4169 Β
1287 4117 1296 4186 11
1312 4108 1343 4168 19
1356 4117 1447 4169 obser·

296 4203 372 4256 nabit
390 4215 415 4255 Ν
431 4204 439 4273 11
459 4207 491 4256 20
509 4202 665 4270 peninsulas
688 4201 729 4271 Β11
749 4204 779 4253 21
794 4201 945 4270 pinatorum
962 4214 982 4254 Β
995 4203 1003 4272 11
1017 4201 1150 4254 inclusum
1169 4207 1197 4252 et
1211 4213 1245 4265 Β,
1266 4200 1402 4254 inclusum
1420 4207 1448 4253 et

296 4304 454 4357 oppressum
465 4293 507 4339 est
517 4300 543 4338 Ν
553 4286 562 4355 11
576 4291 607 4340 25
620 4286 745 4338 uiderent
761 4286 802 4355 Β11
815 4289 848 4338 26
867 4286 979 4339 adiectis
996 4298 1016 4337 Β
1028 4285 1038 4354 1
1051 4285 1112 4337 talis
1129 4298 1149 4337 Β
1160 4285 1170 4356 1
1184 4288 1216 4336 28
1236 4303 1384 4354 numquam
1401 4298 1426 4339 Ν
1436 4286 1446 4355 11

297 4371 411 4423 fideliori
424 4370 632 4423 Mommsenio.-
650 4370 755 4422 fidelior
766 4383 809 4422 ΒΝ
819 4370 829 4439 11
842 4377 979 4440 posterum
991 4376 1098 4438 reperta
1108 4386 1176 4439 gens
1188 4369 1246 4422 ulla
1257 4377 1298 4422 est
1309 4370 1337 4422 id
1349 4383 1374 4422 N
1384 4370 1393 4440 11
