3300 5084
607 431 610 438 .
696 365 893 409 rainelmo.
1321 357 1381 412 VII

210 527 259 580 est
274 515 321 578 ita
336 515 490 578 adnotaui
512 525 549 578 ut
572 514 671 598 signis
691 510 770 578 ''ct“
796 515 994 577 includerem
1014 537 1034 576 a
1050 516 1187 578 Iordane
1207 517 1378 600 descripta,

210 622 328 706 quibus
343 623 539 704 respondent
554 620 589 682 in
604 621 749 704 margine
764 621 870 704 posita
880 626 904 682 I
911 630 943 683 et
957 621 1020 705 [I].
1045 620 1102 683 ubi
1117 622 1269 686 Iordanes
1284 624 1379 688 Floro

210 751 288 792 usus
303 738 363 803 est,
380 736 418 788 ut
433 735 542 789 tomen
557 727 656 788 uerba
670 725 739 789 eius
753 748 820 789 non
832 726 1035 802 describeret,
1057 725 1229 810 diligenter
1247 729 1380 792 adtendi

211 831 391 915 numquid
414 834 454 895 ad
480 855 591 896 ueram
617 831 789 894 lectionem
814 833 1049 896 restituendam
1068 832 1144 895 inde
1167 833 1251 896 effici
1270 845 1378 916 posset
1416 909 1421 912 ,

210 959 315 1021 neque
330 937 364 1001 id
380 939 532 1001 adnotare
553 937 694 1020 neglexi.
737 948 772 1002 at
792 960 869 1002 uero
889 939 1036 1002 Iordanis
1056 938 1185 1002 libellus
1205 949 1244 1001 ut
1256 961 1346 1003 nunc
1359 963 1380 1003 a

211 1044 372 1110 Vulcania
387 1055 419 1106 et
434 1043 613 1106 Muratorio
628 1065 669 1106 ex
683 1043 884 1127 interpolatis
907 1052 1004 1128 atque
1018 1043 1201 1128 deprauatis
1215 1044 1378 1108 codicibus

211 1151 317 1214 editus
340 1149 560 1212 circumfertur
578 1151 677 1212 fidem
698 1171 765 1212 non
793 1161 933 1213 meretur
953 1151 1041 1214 etin
1060 1142 1172 1214 critica
1200 1153 1379 1214 exercenda

211 1256 333 1319 nullius
350 1278 425 1318 usus
437 1254 570 1331 estnisi,
587 1257 673 1338 quod
683 1256 860 1330 rectissime
870 1256 936 1319 iam
947 1256 1124 1320 Salmasius
1135 1256 1376 1332 animaduertit,

212 1365 253 1426 ad
268 1363 417 1445 antiquos
432 1360 556 1423 codices
572 1360 729 1443 exigatur.
763 1361 897 1424 adhibui
916 1362 1017 1445 igitur
1030 1362 1173 1426 codicem
1187 1353 1377 1425 Heidelber-

211 1490 344 1553 gensem
359 1468 463 1549 (921),
480 1465 624 1548 quoiam
641 1467 818 1530 Salmasius
837 1490 915 1531 usus
931 1477 1000 1543 est,
1016 1468 1052 1530 in
1065 1468 1262 1532 membranis
1277 1469 1379 1531 forma

175 1585 178 1591 '
212 1576 367 1658 quadrata
385 1571 503 1635 maiora
527 1573 654 1636 sacerdo
673 1595 760 1636 nono
774 1573 956 1636 litteratura
969 1575 1230 1658 Anglosaxonica
1252 1575 1378 1659 egregie

212 1676 377 1760 scriptum.
410 1678 449 1740 ab
465 1677 559 1741 initio
574 1678 707 1742 mutilus
723 1688 789 1756 est,
812 1702 890 1742 nam
909 1679 1026 1762 incipit
1045 1681 1081 1744 in
1102 1681 1184 1745 libro
1199 1683 1240 1744 de
1255 1703 1378 1744 sucees-

212 1783 301 1846 sione
316 1805 489 1866 regnorum
504 1806 524 1846 a
537 1784 642 1848 uerbis
654 1779 788 1868 ‘etflm'e
799 1777 914 1869 repud,
931 1786 1064 1868 quaein
1079 1787 1220 1849 editione
1227 1786 1380 1851 Vulcanii

212 1911 234 1971 p
253 1895 290 1950 18
311 1889 474 1973 leguntur.
506 1889 543 1952 in
563 1890 629 1952 ima
649 1889 768 1973 pagina
788 1890 893 1973 prima
907 1886 1226 1975 eadem'subsariptio
1246 1893 1378 1976 legitur,

212 2017 310 2078 quam
331 1994 594 2059 Lachmannuse
617 1995 726 2060 codice
746 1996 890 2072 Lucretii
911 1997 1050 2080 oblongo
1065 2018 1086 2079 p
1104 2005 1121 2058 5
1144 1992 1382 2061 enotauit‘Iate

213 2101 293 2164 liber
301 2101 445 2184 pertinet
459 2102 507 2164 ad
521 2101 691 2164 librariam
707 2101 824 2166 Sancti
836 2102 983 2173 Martini
1002 2103 1096 2166 ecclia
1109 2103 1325 2188 Magantinoe
1339 2105 1384 2166 M

213 2207 364 2270 Sindieus
383 2199 485 2270 1479'.
511 2229 549 2272 eo
564 2207 664 2290 igitur
679 2218 821 2290 tempore
836 2207 902 2271 iam
921 2209 1090 2272 mutilatus
1113 2220 1181 2272 erat
1201 2209 1300 2284 liber,
1324 2208 1381 2292 qui

211 2311 287 2376 inde
303 2335 322 2376 a
335 2314 412 2377 folio
426 2321 461 2376 51
472 2335 565 2378 uerso
581 2313 728 2377 Iordanis
744 2313 864 2376 librum
876 2316 916 2377 de
928 2314 1105 2397 originibus
1120 2315 1379 2397 actibusqueGe-

212 2429 319 2482 tarum
335 2420 489 2483 continet.
507 2421 549 2482 ad
563 2419 652 2482 hunc
666 2419 981 2503 praestantissimum
993 2421 1137 2483 codicem
1149 2419 1285 2482 accessit
1301 2410 1381 2482 alter

212 2526 431 2600 Monacensis,
445 2525 523 2587 olim
534 2524 763 2607 Pollingensis,
781 2525 908 2588 saeculo
919 2524 1109 2588 duodecimo
1127 2524 1277 2608 scriptus,
1298 2523 1379 2586 Hei-

213 2630 415 2712 delbergensi
429 2652 497 2692 non
511 2629 661 2704 deterior,
677 2649 775 2711 quern
791 2639 938 2693 accurate
951 2630 1089 2692 contulit
1102 2628 1268 2693 Halmius.
1294 2628 1381 2692 idem

213 2735 363 2798 adhibuit
378 2735 476 2798 etiam
490 2736 628 2798 altemm
648 2735 898 2814 Monacensem,
922 2735 1000 2798 olim
1022 2734 1291 2799 Ratisbonensem
1311 2736 1379 2799 Ior-

212 2841 304 2906 danis
319 2841 460 2906 codicem
476 2841 595 2905 saeeuli
610 2861 663 2904 xn
678 2852 774 2925 atque
788 2843 1060 2925 Bambergensem
1083 2840 1237 2904 historiae
1255 2839 1380 2904 miscel-

211 2947 273 3024 lae,
291 2969 372 3031 quae
387 2970 405 3010 e
421 2950 558 3011 Iordane
574 2949 730 3031 quaedam
746 2947 835 3011 Flori
850 2957 1003 3030 excerpta
1016 2947 1173 3010 continet.
1205 2968 1285 3029 quos
1308 2967 1382 3009 eum
1422 2992 1424 2996 »

213 3053 357 3116 uiderem
371 3053 515 3117 bonitate
530 3053 594 3116 illis
610 3056 734 3118 duobus
749 3055 846 3138 longe
860 3055 982 3128 cedere,
999 3052 1151 3116 consului
1165 3051 1308 3135 quidem,
1324 3054 1382 3115 sed

212 3158 316 3223 uarias
331 3159 407 3222 inde
422 3159 575 3224 lectiones
591 3161 713 3224 adferre
728 3160 839 3236 nolui,
859 3182 901 3223 ne
916 3169 1105 3242 apparatum
1121 3157 1270 3220 criticum
1283 3156 1383 3221 inuti·

164 3313 166 3320 .
210 3265 284 3330 liter
303 3287 463 3348 augerem.
490 3265 621 3329 omnino
637 3266 673 3328 in
693 3265 858 3343 Iordanis,
876 3287 973 3349 quem
986 3270 1010 3327 I
1019 3263 1149 3340 notaui,
1175 3264 1313 3338 lectione
1328 3265 1383 3326 ad-

212 3371 356 3432 notanda
372 3372 548 3433 tenendum
568 3371 684 3453 putaui
705 3371 794 3434 Flori
812 3393 866 3434 me
885 3391 991 3453 neque
1013 3392 1091 3434 uero
1107 3356 1254 3434 Iordanis
1270 3369 1383 3435 editio-

172 3475 175 3482 ‘
213 3495 290 3536 nem
304 3496 425 3537 curare.
457 3498 554 3557 quare
570 3477 759 3540 omniafere
775 3476 870 3539 omisi
885 3497 966 3557 quae
980 3475 1298 3557 adorthographiam
1313 3496 1382 3556 spe-

213 3589 304 3668 ctant
318 3601 423 3662 neque
438 3581 609 3644 manifesta
623 3581 825 3644 librariorum
837 3579 931 3654 uitia,
948 3579 1055 3661 qualia
1068 3579 1187 3661 ubique
1199 3590 1382 3655 occmrunt,

214 3687 366 3749 adnotare
393 3707 506 3769 operae
529 3684 671 3770 pretium
698 3685 777 3749 duxi
785 3710 795 3762 ;
834 3669 905 3748 tum
938 3707 1013 3748 uero
1045 3684 1238 3768 ubicumque
1265 3685 1383 3750 codicis

213 3791 461 3875 Bambergensis
476 3791 630 3856 lectiones
645 3791 806 3875 genuinae
821 3791 857 3854 in
872 3813 939 3854 uno
952 3792 1007 3855 uel
1014 3790 1162 3875 pluribus
1170 3791 1316 3856 Iordanis
1333 3815 1383 3855 eo-

213 3897 338 3962 dicibus
355 3899 520 3975 extabant,
537 3898 732 3981 reliquorum
744 3898 959 3962 aberrationes
971 3921 1038 3962 non
1048 3888 1172 3974 curaui,
1189 3909 1222 3961 et
1237 3899 1384 3962 codicum

213 4003 499 4090 Heidelbergensis
522 4002 583 4086 (1²¹)
605 4014 702 4086 atque
729 4004 946 4087 Pollingenais
973 4007 1035 4087 (1¹³)
1061 4004 1292 4088 discrepantias
1317 4026 1384 4067 non

214 4109 277 4174 nisi
297 4110 343 4173 eis
365 4109 443 4174 locis
467 4109 621 4193 adscripsi
644 4110 700 4174 ubi
722 4113 764 4174 ad
783 4110 942 4174 iudicium
964 4113 1003 4173 de
1019 4132 1096 4173 uera
1121 4110 1259 4173 lectione
1281 4109 1383 4172 feren-

215 4217 293 4278 dum
313 4216 448 4280 aliorrius
471 4216 627 4280 momenti
649 4239 717 4281 esse
739 4226 881 4301 possent.
913 4237 979 4299 qna
997 4216 1033 4278 in
1052 4238 1085 4278 re
1105 4237 1166 4278 nec
1187 4236 1302 4298 operae
1323 4233 1383 4274 neo

214 4321 342 4386 chartae
357 4322 496 4388 nimium
510 4344 644 4405 parcum
658 4345 710 4385 me
725 4322 824 4386 fuisse
845 4322 993 4388 conscius
1016 4321 1098 4384 mihi
1118 4341 1211 4395 sum;
1240 4327 1382 4380 ceterum
1484 4320 1487 4326 ⁴

214 4426 275 4490 hoc
290 4450 346 4511 pro
363 4439 448 4493 certo
464 4439 573 4493 teneat
587 4433 644 4512 qui
658 4429 693 4492 in
709 4428 796 4492 Flori
810 4428 910 4491 uerba
923 4426 1041 4490 rectius
1055 4423 1281 4489 constituenda
1292 4437 1383 4478 accu-
