3300 5084
614 358 764 402 nrrroua
780 360 805 414 1,
823 352 855 402 22
875 340 928 425 [11,
945 340 987 424 c].
1343 344 1383 404 39

112 611 115 616 ’
229 611 479 697 insanorumque
496 651 537 660 -
551 636 628 676 nam
643 614 689 676 sic
703 612 860 676 uocantur
876 651 915 662 -
937 613 1111 678 inmanitas
1132 616 1293 680 montium
1312 639 1383 700 pro·

228 718 327 782 fuere.
363 719 524 784 saeuitum
542 718 579 782 in
599 720 694 784 urbes
716 721 890 811 urbemque
911 720 1041 784 urbium
1060 721 1219 798 Caralim,
1247 733 1285 789 ut
1305 745 1384 806 gens

230 834 404 909 contumax
419 824 558 907 uilisque
573 825 684 904 mortis
699 826 813 890 saltem
828 826 984 889 desiderio
999 826 1095 909 patrii
1115 828 1175 892 soli
1189 831 1381 892 domaretur.

193 941 208 990 5
316 931 358 992 In
385 929 581 1013 Hispaniam
608 931 698 996 missi
732 933 845 998 Gneus
871 943 904 996 et
931 931 1068 996 Publius
1096 932 1262 1017 Scipiones
1283 954 1385 1014 paene

189 1095 192 1098 .
231 1044 331 1102 totam
348 1036 466 1104 Poenis
489 1036 689 1119 eripuerant,
717 1040 773 1102 sed
793 1037 920 1102 insidiis
942 1038 1086 1102 Punicae
1108 1026 1229 1102 fraudis
1244 1037 1386 1120 oppressi

230 1161 358 1204 rursum
373 1142 558 1217 amiserant,
574 1142 700 1225 magnis
716 1143 846 1226 quidem
860 1144 910 1206 illi
924 1143 1053 1228 proeliis
1068 1165 1142 1212 cum
1157 1142 1298 1207 Punicas
1310 1165 1385 1225 opes

188 1303 190 1306 .
230 1245 430 1310 cecidissent.
446 1258 504 1310 set
519 1248 662 1329 Punicae
677 1249 812 1314 insidiae
828 1249 965 1312 alterum
979 1250 1062 1313 ferro
1077 1259 1182 1312 eastra
1194 1258 1382 1323 metantem,

232 1352 380 1426 alterum,
397 1368 471 1416 cum
483 1352 551 1416 uim
562 1354 715 1418 euasisset
726 1355 761 1418 in
777 1364 909 1430 turrem,
927 1355 1069 1419 cinctum
1083 1355 1207 1419 facibus
1222 1375 1383 1437 oppresse·
1490 1364 1493 1369 ⁴

181 1467 316 1520 rorant.
339 1457 444 1540 igitur.
462 1458 497 1522 in
516 1459 675 1526 ultionem
698 1459 797 1543 patris
821 1481 858 1522 ac
877 1460 987 1542 patrui
1006 1461 1123 1524 missus
1144 1482 1220 1524 eum
1243 1458 1385 1522 exercitu

233 1562 358 1655 Scipio,
387 1563 440 1626 cui
454 1563 519 1628 iarn
532 1566 653 1647 grande
668 1566 708 1628 de
722 1564 833 1628 Africa
846 1586 965 1628 nomen
980 1565 1046 1629 fata
1067 1568 1291 1639 decreuerant,
1318 1564 1385 1627 bel-

231 1663 375 1732 latricem
400 1669 508 1744 illam,
536 1669 615 1734 uiris
637 1668 794 1752 armisque
821 1669 963 1733 nobilem
988 1669 1195 1753 Hispaniam,
1223 1670 1314 1733 illam
1339 1692 1385 1732 se-

232 1774 404 1848 min-arium
435 1774 561 1837 hostilis
595 1774 771 1849 exereitus,
807 1773 897 1836 illam
922 1774 1094 1838 Annibalis
1120 1773 1324 1837 eruditricem
1345 1811 1387 1820 -

232 1879 420 1954 incredibile
439 1878 530 1940 dictu
551 1915 593 1926 -—
615 1888 717 1942 totam
739 1901 757 1940 a
786 1879 959 1960 Pyrenaeis
986 1877 1151 1942 montibus
1177 1878 1214 1940 in
1234 1877 1387 1941 Herculis

182 1998 214 2048 15
235 1985 401 2048 columnas
427 1993 460 2046 et
475 1983 643 2048 Oceanum
664 1983 887 2066 recuperauit,
912 1983 1035 2048 nescias
1057 1982 1153 2075 citius
1179 2003 1222 2046 an
1247 1982 1383 2046 felicius.

235 2111 331 2172 quam
346 2087 517 2164 uelociter,
540 2098 692 2172 quattuor
707 2089 784 2152 anni
803 2090 965 2165 fatentur3
989 2111 1087 2173 quam
1108 2089 1220 2165 facilc,
1248 2089 1302 2152 uel
1323 2111 1388 2151 una

234 2193 350 2258 ciuitas
375 2195 499 2277 probat.
524 2195 637 2258 eodem
662 2194 780 2278 quippe
807 2217 872 2277 quo
898 2197 1026 2260 obsessa
1051 2206 1100 2259 est
1125 2195 1178 2260 die
1203 2205 1300 2278 capta
1325 2203 1385 2267 est,

235 2297 391 2384 omeirque
416 2299 587 2362 Africanae
613 2299 768 2364 uictoriae
788 2300 871 2377 fuit,
884 2347 888 2354 -
903 2303 988 2383 quod
1010 2312 1077 2365 tam
1104 2301 1198 2364 facile
1227 2299 1316 2362 uicta
1340 2307 1389 2360 est

235 2405 414 2489 Hispaniae
435 2406 608 2487 Carthago.
644 2416 767 2468 certum
793 2417 843 2469 est
866 2417 973 2470 tamen
1006 2409 1047 2470 ad
1066 2393 1300 2489 profligandam
1319 2424 1390 2484 pro-

169 2507 215 2574 '20
235 2511 529 2575 uinciam'maxime
545 2510 713 2593 profecisse
729 2510 925 2592 singularem
936 2510 1028 2574 ducis
1039 2509 1253 2574 sanctitatem.
1271 2507 1391 2590 quippe

237 2616 292 2698 qui
307 2615 451 2697 captiuos
466 2636 581 2698 pueros
596 2615 785 2697 puellasque
800 2615 991 2697 praecipuae
1013 2613 1264 2697 pulchritudinis
1277 2613 1390 2676 barba-

235 2720 279 2784 ris
294 2721 493 2795 restitueret,
516 2741 557 2782 ne
578 2719 614 2780 in
634 2731 843 2801 conspectum
863 2719 994 2802 quidem
1016 2741 1112 2782 auum
1132 2738 1245 2802 passus
1260 2713 1389 2787 adduci,

236 2825 372 2910 nequid
401 2828 441 2889 de
467 2824 663 2908 uirginitatis
693 2824 880 2907 integritate
907 2824 1063 2889 delibasse
1085 2825 1200 2890 saltem
1221 2820 1321 2887 oculis
1343 2819 1391 2881 ui-

237 2931 376 2996 deretur.

184 3053 217 3102 25
317 3037 460 3103 Haecin
475 3037 602 3101 diuersa
617 3046 772 3102 terrarum
782 3036 922 3120 populus
933 3035 1113 3110 Romanus,
1130 3055 1189 3096 nec
1201 3032 1273 3100 ideo
1285 3044 1394 3096 tamen

200 3221 202 3228 .
238 3144 414 3210 uisceribus
437 3143 552 3209 Italiae
573 3142 795 3208 inhaerentem
815 3163 1018 3206 summouere
1039 3149 1165 3222 poterat
1184 3139 1390 3202 Annibalem.

237 3251 390 3333 pleraque
406 3251 446 3312 ad
460 3249 586 3316 hostem
601 3249 801 3324 defecerant,
826 3258 858 3310 et
881 3250 947 3310 dux
963 3246 1135 3309 acerrimus
1150 3254 1262 3309 contra
1275 3245 1393 3306 Roma-

238 3377 298 3418 nos
312 3353 437 3418 Italicis
452 3375 577 3436 quoque
593 3354 716 3418 uiribus
731 3355 896 3416 utebatur.
922 3353 988 3414 iam
1009 3362 1118 3414 tamen
1138 3372 1214 3412 eum
1235 3348 1395 3432 plerisque

241 3458 366 3546 oppidis
381 3469 413 3520 et
427 3457 611 3540 regionibus
626 3479 886 3532 excusseramus,
911 3457 976 3520 iam
992 3458 1151 3518 Tarentus
1166 3457 1208 3518 ad
1222 3476 1280 3517 nos
1294 3453 1394 3516 redie-

244 3737 255 3785 l
270 3732 318 3786 sed
330 3749 372 3783 om
384 3741 422 3783 IN
432 3730 441 3802 ΗΗ
455 3730 510 3783 illic
528 3742 553 3782 N
563 3730 571 3800 Η
585 3734 601 3782 4
618 3731 699 3782 morti
716 3741 742 3782 N
752 3729 761 3799 ΗΗ
775 3729 959 3782 dominaretur
976 3739 996 3779 Β
1008 3727 1017 3796 Η
1032 3729 1046 3778 5
1059 3742 1126 3778 uero
1137 3725 1213 3778 missi
1224 3738 1240 3777 r
1250 3725 1259 3794 Η
1271 3725 1333 3777 misi
1344 3737 1364 3776 Β
1376 3725 1385 3792 ΗΗ

242 3833 328 3887 poena
340 3828 360 3872 Β
373 3815 381 3886 Η
395 3819 411 3872 b
423 3816 582 3886 eripuerunt
593 3827 627 3870 ΒΙ
638 3815 647 3886 ΗΗ
660 3815 774 3872 insidiae
787 3827 807 3867 Β
820 3815 829 3884 Η
842 3813 925 3868 fredis
937 3825 957 3866 Β
969 3813 978 3881 Η
992 3816 1006 3864 7
1019 3811 1193 3865 ammiserant
1209 3823 1228 3864 Β
1241 3811 1250 3879 l
1262 3810 1317 3863 illis
1327 3821 1347 3863 Β
1360 3808 1368 3877 ΗΙ
1381 3812 1397 3860 9

244 3903 301 3958 uim
313 3921 355 3956 om
367 3913 405 3956 IN
416 3901 425 3972 ΗΗ
438 3907 630 3971 oppresserunt
640 3913 679 3954 1N
689 3900 697 3970 ΗΗ
719 3903 749 3954 10
768 3905 875 3970 patrum
891 3898 932 3968 ΒΗ
956 3901 983 3950 ll
1004 3903 1060 3950 tam
1078 3891 1129 3966 ΝἨ
1146 3912 1245 3953 nomen
1265 3896 1299 3948 de
1318 3894 1400 3948 africa

241 4001 256 4042 1
273 3988 282 4058 ΗΗ
303 3991 332 4040 13
346 3988 481 4042 exercitus
494 3987 567 4040 illam
579 3986 633 4042 iam
645 3985 777 4040 annibalis
796 3997 824 4048 Ι,
848 3975 982 4038 exercitus
1000 3982 1094 4052 pusilli
1117 3982 1171 4034 iam
1182 3979 1335 4034 hannibalis
1347 3991 1366 4031 Β
1378 3982 1388 4048 Η

247 4076 277 4126 14
290 4073 393 4126 dictum
404 4073 449 4144 ΒΗ
462 4071 582 4142 pyrineis
600 4083 620 4124 Β
633 4071 642 4142 Η
655 4069 751 4124 arculis
770 4070 807 4141 ὂΗ
830 4073 859 4122 17
878 4069 973 4122 eodem
990 4067 1128 4136 quidemr
1144 4066 1154 4135 ΗΗ
1173 4080 1282 4136 opsessa
1297 4074 1323 4116 N
1338 4062 1402 4132 lest

245 4157 340 4220 eodem
352 4157 396 4212 die
408 4171 424 4210 1
435 4158 444 4228 Η
460 4160 492 4210 18
503 4167 687 4229 nomenqueB
700 4156 709 4226 ΗΗ
732 4159 762 4208 19
775 4155 890 4225 hispana
900 4165 926 4206 N
941 4152 951 4222 Η
964 4155 997 4204 20
1009 4151 1143 4204 maximae
1153 4163 1173 4202 Β
1186 4151 1195 4220 Η
1208 4153 1241 4202 22
1252 4145 1403 4202 restituerit

245 4254 284 4295 IN
301 4242 310 4311 ΗΗ
330 4245 362 4296 23
376 4243 436 4312 quit
446 4255 465 4298 Β
478 4241 487 4313 ΗΗ
498 4242 595 4296 saltem
607 4241 652 4297 uel
666 4241 751 4296 oculis
763 4253 801 4294 IN
812 4241 820 4310 ΗΗ
835 4244 866 4293 25
879 4240 951 4292 inter
961 4250 987 4290 N
997 4239 1006 4307 Η
1018 4227 1136 4307 populus
1152 4251 1279 4288 romanus
1291 4249 1333 4283 om
1344 4243 1370 4281 N
1380 4230 1389 4298 Η
1480 4280 1482 4287 ,

249 4329 281 4380 26
300 4325 389 4380 italiae
407 4326 556 4380 uisceribus
579 4339 603 4380 N
615 4327 624 4397 Η
638 4330 670 4379 29
688 4343 830 4380 excussere
848 4323 954 4378 romani
971 4323 1024 4376 iam
1043 4326 1179 4374 tarentum
1194 4314 1390 4382 'retulerantrtl

251 4410 322 4462 idem
334 4409 486 4462 tarentinus
496 4422 522 4463 N
532 4411 541 4480 ΗΗ
554 4417 690 4466 tarentum
702 4423 721 4463 Β
733 4410 742 4480 ΗΗ
