3300 5084
296 308 335 372 18
716 285 721 292 .
777 321 846 365 rvnr
860 320 960 397 renel

293 476 328 538 in
342 472 505 542 curulibus
520 471 587 536 suis
600 477 814 552 praetextatos
835 478 926 532 senes
941 469 1033 534 uelut
1045 469 1122 532 deos
1142 465 1317 550 geniosque
1339 487 1436 530 uene·
1460 465 1481 528 1

292 578 370 652 rati,
394 597 470 638 mox
491 567 920 656 contraponamus
941 570 1088 639 homines
1101 556 1272 652 liquebat,
1296 571 1453 652 alioquin·

267 681 376 782 ‚qnihil
390 681 581 771 respondere
593 678 762 761 dignantes
777 676 848 759 pari
862 676 1011 742 uecordia
1029 668 1189 751 mactant,
1213 676 1361 757 facesque
1376 686 1439 739 tec-

237 775 241 782 *
273 777 283 788 ⁶
293 785 335 851 tis
353 783 511 859 iniciunt,
536 793 683 851 ettotam
698 783 810 846 urbem
824 780 894 863 igni
908 781 991 846 ferro
1004 780 1153 846 manibus
1169 791 1360 861 exaequant.
1377 802 1441 844 -sex

293 888 457 955 mensibus
482 887 608 954 barbari
639 922 679 934 -
704 887 775 968 quis
801 885 961 950 crederet?
990 923 1030 932 --
1062 886 1146 948 circa
1169 896 1313 948 montem
1337 899 1476 950 unumt

293 994 532 1076 pependerunt,
560 1013 619 1053 nec
645 991 755 1054 diebus
779 991 894 1064 modo,
920 991 977 1054 sed
1004 990 1152 1053 noctibus
1181 1012 1306 1073 quoque
1333 991 1442 1056 omnia

294 1097 434 1180 experti3
459 1116 532 1161 cum
548 1105 656 1162 tamen
677 1093 820 1160 Manlius
842 1103 937 1156 nocte
958 1089 1126 1158 subeuntis
1148 1096 1297 1177 clangore
1319 1095 1440 1158 anseris

295 1200 451 1263 excitatus
469 1220 627 1264 asumma
641 1221 719 1280 rupe
741 1197 874 1273 deiecit,
898 1207 931 1261 et
955 1207 992 1262 ut
1014 1219 1104 1280 spem
1124 1199 1270 1262 hostibus
1286 1202 1439 1275 demeret,

294 1324 487 1386 quamquam
501 1303 536 1364 in
551 1325 676 1370 summa
690 1303 785 1378 fame,
802 1312 912 1368 tamen
927 1303 968 1367 ad
982 1301 1120 1384 speciem
1134 1304 1270 1366 fiduciae
1284 1325 1383 1386 panes
1399 1295 1439 1366 ab

295 1429 365 1472 arce
388 1407 544 1470 iaculatus
575 1417 633 1471 est.
662 1409 699 1469 'et
730 1416 813 1472 stato
836 1407 975 1487 quodam
998 1406 1051 1470 die
1071 1418 1129 1489 per
1156 1408 1277 1471 medias
1299 1408 1442 1471 hostium
1463 1419 1494 1470 10

294 1510 454 1576 eristodias
469 1509 605 1578 Fabium
620 1510 804 1593 pontificem
819 1511 860 1572 ab
881 1530 953 1572 arce
975 1509 1116 1588 dimisit,
1141 1513 1197 1594 qui
1217 1513 1372 1576 sollemne
1392 1533 1441 1574 sa·

295 1637 385 1680 curm
406 1615 442 1676 in
464 1614 624 1682 Quirinali
645 1625 755 1680 monte
777 1615 957 1678 conficeret.
986 1624 1081 1696 atque
1101 1615 1157 1677 ille
1179 1636 1236 1697 per
1257 1615 1363 1678 media
1384 1614 1441 1677 ho·

295 1719 394 1782 stium
408 1719 473 1781 tela
486 1718 656 1784 incolumis
671 1717 835 1801 religionis
854 1717 975 1782 auxilio
997 1717 1114 1782 rediuit
1135 1719 1352 1802 propitiosque
1365 1721 1442 1781 deos

295 1821 505 1889 renuntiauit.
529 1821 703 1890 nouissime
719 1845 793 1886 cum
808 1822 873 1887 iam
888 1823 1012 1888 obsidio
1027 1845 1085 1886 sua
1098 1825 1247 1887 barbaros
1261 1823 1440 1906 fatigasset,

295 1928 384 1998 mille
398 1928 504 2009 pondo
519 1926 588 1991 auri
603 1948 761 1992 recessum
776 1950 872 1992 suum
892 1929 1115 2005 uenditantes,
1138 1928 1235 2010 idque
1256 1928 1364 2009 ipsum
1384 1947 1442 2008 per
1464 1937 1495 1986 15

295 2030 511 2105 insolentiam,
529 2031 657 2096 eumad
672 2030 783 2112 iniqua
796 2035 938 2113 pondera
948 2033 1057 2096 addito
1073 2032 1177 2096 adhuc
1188 2031 1296 2114 gladio
1311 2031 1443 2112 insuper

292 2130 366 2197 ‘uae
381 2125 486 2196 uictis’
503 2134 714 2215 increparent,
738 2134 845 2198 subito
865 2138 1033 2218 adgressus
1054 2159 1075 2198 a
1088 2146 1178 2217 tergo
1194 2135 1350 2199 Camillus
1366 2137 1445 2198 adeo

295 2235 409 2299 cecidit
430 2248 468 2303 ut
489 2231 596 2299 olnnia
617 2236 839 2302 incendiorum
858 2239 997 2321 uestigia
1018 2238 1138 2301 Gallici
1158 2239 1324 2320 sanguinis
1346 2239 1441 2300 inun-

299 2340 431 2407 datione
442 2335 592 2405 deleret.u
617 2362 710 2423 agere
724 2341 843 2424 gratias
864 2341 914 2404 dis
933 2341 1156 2405 inmortalibus
1172 2342 1241 2423 ipso
1257 2350 1366 2403 tantae
1381 2341 1494 2424 cla-[l]

296 2444 345 2508 dis
360 2443 490 2514 nomine
504 2445 593 2510 libet.
618 2455 782 2526 pastorum
796 2467 884 2510 casas
899 2445 985 2528 ignis
1006 2445 1079 2520 ille,
1105 2448 1137 2509 et
1158 2448 1288 2509 flamma
1308 2466 1442 2527 pauper·
1463 2456 1497 2506 20

296 2558 396 2622 tatem
411 2549 544 2612 Romuli
558 2535 734 2614 abscondit.
758 2548 944 2614 incendium
964 2548 1048 2613 illud
1068 2548 1146 2631 quid
1166 2549 1233 2632 egit
1247 2549 1356 2623 aliud,
1380 2547 1445 2612 nisi

296 2663 334 2714 ut
348 2653 507 2716 destinata
528 2653 696 2742 hominum
717 2675 753 2720 ac
775 2652 908 2718 deorum
930 2652 1092 2716 domicilio
1112 2651 1230 2727 ,ciuitas
1252 2672 1318 2714 non
1340 2653 1446 2714 deleta

297 2775 356 2818 nec
371 2756 503 2831 obruta,
527 2757 584 2824 sed
603 2756 731 2838 expiata
743 2757 852 2838 potius
867 2767 900 2820 et
914 2757 1050 2820 lustrata
1063 2754 1231 2818 uideatur?
1257 2754 1357 2836 igitur
1370 2765 1443 2835 post

298 2859 455 2919 adsertam
476 2879 495 2920 a
517 2859 658 2934 Manlio,
683 2860 865 2924 restitutam
887 2882 906 2922 a
929 2859 1067 2924 Camillo
1086 2860 1199 2924 urbem
1222 2858 1326 2922 acrius
1348 2858 1444 2946 etiam

297 2959 582 3043 uehementiusque
597 2962 632 3030 in
646 2962 800 3028 finitimos
815 2962 998 3026 resurrexit.
1465 2973 1499 3022 tt

626 3147 725 3236 vrri.
750 3163 896 3227 snum
912 3163 1122 3230 clamos.

296 3350 344 3411 Ac
366 3349 505 3433 primum
531 3351 675 3412 omnium
700 3351 790 3416 illam
810 3351 914 3434 ipsam
939 3352 1100 3416 Gallicam
1124 3362 1254 3434 gentem
1278 3373 1345 3414 non
1370 3371 1444 3414 con·

297 3461 405 3514 tentus
421 3448 607 3520 ”moenibus
620 3455 791 3536 expulisse,
805 3454 879 3518 cum
891 3477 947 3538 per
959 3456 1087 3518 Italiam
1098 3454 1266 3538 naufragia
1275 3476 1334 3517 sua
1343 3453 1441 3516 latius
1464 3454 1488 3514 Ι

298 3555 472 3631 traherent,
491 3556 535 3618 sic
550 3567 734 3637 persecutus
753 3567 801 3620 est
816 3560 897 3621 duce
909 3559 1058 3634 Camillo,
1076 3570 1113 3621 ut
1128 3558 1222 3620 bodie
1237 3558 1328 3620 nulla
1343 3558 1441 3620 Seno·

297 3680 377 3720 num
391 3660 528 3741 uestigia
543 3660 714 3740 supersint.
732 3663 831 3724 semel
846 3673 924 3745 aput
938 3662 1097 3727 Anienem
1109 3661 1272 3736 trucidati,
1288 3682 1362 3723 cum
1377 3659 1441 3722 sin-
1460 3657 1498 3719 bt

297 3905 312 3952 3
326 3905 468 3958 uaecordia
480 3918 500 3958 Β
513 3908 521 3976 11
534 3911 549 3959 4
564 3908 627 3978 igne
640 3909 684 3977 Nu
698 3913 712 3960 5
727 3909 835 3970 credere
846 3921 865 3961 Β
878 3911 887 3978 11
900 3913 915 3961 8
927 3927 1036 3978 rupe-
1046 3925 1150 3962 summa
1161 3926 1203 3960 om
1215 3920 1236 3961 Β
1247 3908 1256 3976 1
1272 3910 1303 3958 10
1313 3913 1384 3960 stato
1395 3907 1460 3960 Nbs.

296 3990 398 4040 statuto
409 3998 444 4038 ΒΙ
455 3987 463 4055 11
479 3991 629 4054 13rediit1,
644 3991 734 4044 reddit
744 4004 769 4044 Ν
779 3995 788 4063 11
804 3997 836 4044 15
844 3993 927 4061 idque
939 4022 971 4031 --
984 4000 1016 4045 ut
1027 3991 1117 4043 omnia
1128 4009 1170 4042 om
1181 4004 1196 4043 1
1207 3992 1217 4060 l
1232 3991 1381 4059 ltinsuper
1392 4006 1443 4041 uae

296 4065 376 4120 uictis
388 4069 483 4136 scripsi
494 4073 655 4126 dalmacium
666 4080 786 4128 saman:
806 4075 916 4144 insuper
928 4075 1008 4128 uictis
1018 4086 1051 4137 Β,
1066 4073 1180 4142 superbe
1192 4073 1273 4126 uictis
1283 4085 1310 4124 Β
1319 4073 1328 4141 11
1344 4076 1375 4125 18
1388 4089 1445 4124 oae-

296 4147 363 4200 cidit
374 4161 393 4200 Β
406 4150 414 4218 11
430 4155 460 4203 18
473 4153 678 4210 inmundatione
689 4170 708 4209 Β
721 4156 729 4227 11
748 4161 778 4210 21
792 4158 856 4210 illut
865 4169 891 4210 N
900 4158 910 4226 11
923 4161 957 4209 22
968 4156 1134 4211 domicilium
1145 4169 1165 4209 Β
1178 4158 1187 4227 11
1200 4160 1233 4208 24
1245 4156 1346 4210 amillio
1357 4169 1377 4209 Β
1390 4157 1445 4226 125

296 4231 545 4382 ιιοειιιοιι11ιιιι1ιιοό
564 4238 576 4306 11
586 4239 692 4293 finimus
703 4253 723 4292 Β
740 4241 749 4309 11
768 4245 939 4312 Βθιιιιιειειιῐ
955 4253 989 4302 Β,
1013 4246 1113 4292 traeret
1132 4241 1164 4303 b,
1190 4240 1309 4292 traheret
1325 4251 1351 4291 Β
1361 4239 1370 4308 11
1383 4239 1448 4291 due·

295 4320 369 4366 tante
389 4326 405 4366 ι
