3300 5084
368 419 371 423 Δ
482 405 687 461 neironem,
707 396 812 446 19-21
834 384 916 468 [1111‚
933 385 1058 468 9-11].’
1282 386 1341 446 113

189 577 256 618 non
270 555 376 620 minor
391 577 432 618 ex
445 556 499 619 uia
513 568 624 639 postea
644 537 740 639 quarn
762 556 801 616 ab
823 554 970 618 hostibus
993 565 1123 638 accepta
1144 556 1261 618 clades.
1295 556 1342 616 in-

188 661 270 724 festa
290 661 430 743 primum
446 661 500 724 siti
518 663 624 746 regio,
648 637 717 725 tuin
740 660 932 743 quibusdam
952 654 1133 746 salmacidis
1154 661 1274 723 fluuius
1294 661 1342 723 in-

188 767 314 843 festior,
341 766 514 830 nouissime
537 786 618 849 quae
638 767 704 830 iam
719 767 758 829 ab
778 765 931 828 inualidis
953 775 987 827 et
1006 765 1100 829 auide
1115 761 1345 829 hauriebantur

189 893 293 942 noxae
308 857 643 936 etiam'duleesnfuere.
661 894 737 934 mox
752 881 784 933 et
800 873 926 935 ardores
939 894 996 954 per
1006 872 1193 934 Armeniam
1208 883 1241 935 et
1251 872 1352 938 niues

152 991 245 1060 5-per
260 977 497 1062 Cappadociam
512 988 544 1060 et
558 974 724 1060 utriusque
740 977 821 1040 caeli
835 977 943 1065 subita
956 978 1094 1040 mutatio
1111 1001 1172 1061 pro
1193 977 1344 1061 pestilenss

191 1084 236 1147 tia
251 1085 323 1148 fuit.
357 1086 402 1149 sic
417 1085 474 1147 uix
489 1083 583 1146 tertia
597 1094 688 1165 parte
703 1085 742 1146 de
758 1083 898 1146 sedecim
912 1083 1093 1165 legionibus
1108 1084 1257 1166 reliqua‚·
1270 1107 1345 1148 cum

190 1201 358 1273 argentum
380 1191 448 1254 eius
475 1189 595 1273 passim
621 1187 758 1252 dolabris
785 1188 1022 1265 concideretur,
1050 1201 1084 1252 et
1105 1190 1240 1254 subinde
1260 1191 1346 1253 inter
1442 1203 1445 1207 ’

188 1317 293 1359 moras
309 1307 444 1360 mortem
460 1297 499 1358 ab
521 1293 697 1378 gladiatore
720 1316 778 1358 suo
792 1293 970 1376 flagitasset
991 1295 1138 1378 egregius
1158 1296 1342 1379 imperator,

190 1403 322 1464 tandem
341 1401 481 1484 perfugit
494 1400 528 1462 in
546 1393 691 1483 Syriam,
714 1398 772 1461 ubi
791 1399 972 1464 incredibili
992 1404 1131 1486 quadam
1150 1402 1268 1465 mentis
1283 1422 1344 1465 'ue-

138 1518 171 1568 10
192 1506 299 1571 cordia
314 1507 445 1572 ferocior
461 1507 625 1589 aliquanto
637 1505 741 1569 factus
754 1514 802 1567 est
810 1553 819 1582 ,
838 1506 929 1588 quasi
940 1506 1082 1583 uicisset,
1099 1508 1175 1590 quia
1185 1520 1341 1572 euaserat.

251 1702 352 1809 xm.
377 1746 562 1810 ananau
579 1745 676 1809 cvu
691 1710 974 1809 *lurouionn
989 1741 1270 1810 canoniam.

191 1933 293 1994 Furor
312 1931 450 1994 Antonii
467 1918 630 2012 ¹quatenus
646 1951 702 2012 per
716 1930 874 1994 ambitum
888 1953 955 1994 non
969 1941 1093 2015 poterat
1108 1931 1250 2007 interire,
1267 1934 1347 2011 luxu
1360 1951 1429 2007 1111,
1441 1935 1472 1991 11

192 2048 224 2099 et
239 2037 374 2101 libidine
390 2037 551 2100 extinctus
567 2045 626 2099 est.
652 2035 770 2119 quippe
792 2058 867 2099 cum
887 2047 960 2120 post
976 2035 1112 2100 Parthos
1127 2059 1242 2100 exosus
1257 2029 1346 2101 arma

190 2143 227 2205 in
242 2142 307 2205 otio
323 2152 447 2226 ageret,
470 2151 582 2224 captus
598 2165 702 2206 amore
719 2143 907 2226 Cleopatrae
922 2143 1013 2226 quasi
1034 2145 1116 2206 bene
1136 2143 1235 2226 gestis
1250 2146 1345 2208 rebus

139 2261 171 2312 15
192 2248 227 2312 in
242 2248 330 2332 regio
345 2271 378 2312 se
394 2247 469 2312 sinu
487 2248 659 2311 reficiebat.
684 2249 761 2311 hinc
775 2250 891 2312 mulier
905 2249 1066 2332 Aegyptia
1086 2250 1125 2311 ab
1141 2249 1229 2312 ebrio
1244 2250 1344 2333 impe·
1402 2283 1405 2286 ⁴

190 2365 293 2419 ratore
308 2355 448 2437 pretium
462 2353 635 2417 libidinum
649 2356 835 2422 Romanum
850 2355 1022 2438 imperium
1035 2354 1117 2436 petit
1123 2379 1133 2429 3
1152 2365 1184 2416 et
1198 2356 1345 2436 promisit

152 2463 177 2523 Ι
194 2461 374 2536 Antonius,
399 2460 490 2543 quasi
513 2459 636 2522 facilior
656 2469 739 2522 esset
755 2460 877 2522 Partho
897 2462 1075 2522 Romanus.
1107 2459 1208 2542 igitur
1222 2450 1347 2544 ''coepit

191 2589 258 2629 non
273 2565 335 2628 sibi
350 2564 604 2629 dominationem
618 2586 746 2647 parare,
771 2587 831 2627 nec
852 2565 949 2627 tacite
957 2589 968 2640 ;
991 2567 1048 2628 sed
1068 2564 1191 2646 patriae
1206 2564 1346 2631 nominis

90 2667 96 2674 ’
192 2652 287 2754 togae
313 2670 449 2734 fascium
478 2670 595 2734 oblitus
627 2679 714 2733 totus
742 2668 777 2731 in
796 2679 978 2733 monstrum
1004 2669 1088 2733 illud
1109 2681 1146 2731 ut
1171 2680 1280 2734 mente
1292 2672 1347 2733 ita
1397 2663 1401 2666 ⁴

138 2791 171 2839 20
192 2777 300 2862 animo
316 2797 440 2859 quoque
456 2777 608 2858 cultuque
630 2775 817 2839 desciuerat.
843 2797 976 2838 aureum
997 2773 1034 2836 in
1061 2796 1162 2837 manu
1182 2777 1345 2853 baculum,

88 2965 90 2968 Ι
190 2883 226 2946 in
240 2882 338 2945 latere
354 2881 516 2957 acinacem
532 2903 692 2964 purpurea
707 2881 805 2944 uestis
821 2880 1008 2964 ingentibus
1024 2881 1175 2944 obstricta
1189 2883 1342 2964 gemmis:

140 2989 337 3074 [deiadema
351 2989 470 3063 deerat,
488 2997 525 3050 ut
539 2987 651 3070 regina
665 3009 723 3050 rex
737 2995 769 3049 et
783 2986 853 3069 ipse
867 2982 1055 3050 frueretur»
1081 2989 1122 3050 ad
1136 2987 1274 3071 primam
1288 3012 1345 3051 no-

190 3116 304 3157 uorum
318 3103 472 3184 motuum
482 3094 601 3158 famam
612 3094 729 3171 Caesar
740 3115 759 3156 a
770 3093 944 3156 Brundisio
955 3092 1132 3170 traiecerat,
1149 3104 1186 3156 ut
1200 3095 1346 3159 uenienti

189 3200 273 3263 bello
289 3210 481 3276 occurreret,
498 3200 674 3284 positisque
690 3199 800 3263 castris
815 3198 850 3260 in
862 3198 960 3281 Epiro
975 3222 1070 3262 omne
1084 3200 1161 3263 litua
1176 3201 1346 3263 Actiacum
1423 3239 1426 3242 ⁴
1525 3198 1532 3206 ’

137 3314 170 3369 25
191 3305 389 3370 Leucadiam
415 3305 555 3384 insulam
581 3299 787 3386 montemque
813 3307 978 3371 Leucaten
1006 3291 1039 3367 et
1067 3306 1230 3367 Ambracii
1255 3307 1344 3370 sinus

190 3397 310 3476 cornua
324 3411 442 3473 infesta
457 3411 557 3473 classe
579 3410 791 3476 succinxerat.
816 3408 910 3471 nobis
932 3409 1184 3491 quadringentae
1207 3413 1344 3494 amplius

190 3537 303 3592 naues,
321 3518 477 3578 ducentae
492 3515 600 3578 minus
614 3513 758 3576 hostium
765 3538 775 3588 ;
801 3514 857 3576 sed
879 3535 1050 3577 numerum
1064 3515 1254 3598 magnitudo
1267 3534 1346 3599 p'en·

191 3707 204 3755 1
220 3702 325 3756 minora
336 3713 355 3755 Β
368 3700 377 3771 11
391 3718 425 3754 ex
437 3719 507 3772 aqua
518 3713 544 3754 N
554 3700 563 3770 11
576 3705 690 3769 excepta
700 3712 726 3752 N
736 3699 745 3768 11
759 3703 774 3752 2
788 3711 881 3752 eumN
892 3700 900 3770 11
914 3701 1073 3754 salmacidae
1084 3714 1104 3754 Β
1117 3702 1126 3772 11
1138 3701 1240 3754 fluuius
1251 3733 1286 3769 ε
1298 3721 1345 3755 no-

190 3805 240 3841 xae
259 3805 301 3840 om
318 3799 337 3841 Β
355 3784 461 3857 partim
478 3786 507 3838 a'n
524 3803 623 3838 raeara
640 3784 744 3854 partim
767 3783 796 3836 aa
814 3785 936 3853 marotiae
957 3787 1095 3852 restituta,
1117 3805 1184 3856 quae
1200 3788 1345 3842 maximam

143 3935 147 3942 Ι
182 3879 290 3944 partem
303 3878 403 3926 resecta
414 3876 478 3925 eunt
489 3871 498 3942 11
513 3875 527 3924 3
540 3869 715 3922 hauriebatur
730 3881 757 3930 N
766 3869 776 3940 11
789 3873 805 3922 4
819 3887 908 3924 noxae
925 3873 956 3925 b.-
975 3871 1072 3925 noxiae
1088 3885 1114 3926 N
1124 3874 1132 3944 11
1145 3874 1209 3926 fiere
1225 3874 1270 3944 Ν1
1284 3879 1297 3927 1
1318 3882 1346 3928 et

188 3978 230 4012 om
241 3971 261 4012 Β
274 3958 282 4029 11
297 3962 311 4011 8
324 3958 359 4012 ad
370 3970 398 4022 Β,
414 3956 485 4026 ΒΝ1
500 3955 685 4026 Idaliquando
697 3967 722 4007 N
732 3955 740 4024 11
754 3955 801 4024 qui
812 3968 837 4008 N
848 3955 857 4025 11
873 3959 903 4008 12
916 3974 971 4009 non
983 3956 1106 4012 interiret
1117 3967 1145 4012 et
1156 3960 1344 4014 luxuellibidie

188 4055 213 4096 N
223 4045 232 4113 11
247 4047 276 4096 13
291 4062 352 4096 cum
364 4062 406 4120 oia
422 4031 450 4095 N*
458 4043 467 4114 11
480 4060 542 4098 eum
561 4057 660 4094 exosus
671 4052 696 4092 N
707 4040 715 4110 11
731 4043 761 4092 15
775 4041 842 4093 haec
857 4041 902 4112 ΝΙ
918 4046 948 4095 16
966 4042 1083 4112 pretium
1095 4075 1131 4084 —
1147 4043 1290 4115 imperinm
1301 4064 1343 4097 om

187 4140 206 4179 Β
220 4127 228 4198 11
244 4131 272 4180 17
286 4128 413 4182 feliciore
426 4128 434 4198 11
448 4127 538 4198 eoepit
549 4143 605 4180 non
617 4123 669 4178 sibi
680 4143 722 4176 om
732 4137 758 4196 N
768 4125 777 4196 11
793 4130 823 4180 18
836 4145 942 4180 nonom
953 4139 970 4179 Ι
979 4127 989 4196 11
1001 4135 1127 4197 patraeN
1136 4129 1145 4198 1
1160 4134 1191 4181 19
1204 4130 1275 4183 toiae
1286 4142 1312 4182 N
1323 4131 1331 4201 11

188 4219 264 4264 totus
277 4218 307 4264 ut
323 4219 473 4274 monstrum
485 4225 508 4265 N
520 4212 529 4282 11
543 4211 614 4264 illud
624 4211 653 4264 in
671 4216 762 4270 mente
777 4223 796 4264 Β
809 4211 818 4282 11
833 4215 862 4264 21
883 4212 912 4264 in
931 4211 1014 4266 latere
1028 4213 1077 4264 11².-
1094 4214 1124 4266 in
1141 4215 1213 4272 latus
1226 4214 1297 4278 1117&
1308 4214 1344 4267 ad

187 4297 259 4350 latus
270 4308 296 4348 N
306 4296 314 4365 11
328 4296 444 4350 acinacie
454 4307 478 4349 N
489 4297 498 4366 11
512 4299 544 4349 22
558 4297 681 4350 aderatN
692 4295 700 4367 11
713 4303 741 4350 et
753 4307 823 4348 omN
836 4295 845 4366 11
859 4298 892 4347 24
903 4295 933 4348 in
945 4295 1020 4365 epiro
1033 4299 1177 4372 eastrieNll
1190 4299 1342 4354 omnelitus
1412 4343 1422 4357 ,

188 4381 319 4461 actiacum
332 4399 373 4432 om
384 4381 474 4450 Ν1125
492 4381 632 4436 leucadam
649 4393 683 4446 Β,
702 4380 844 4434 leucadam
860 4392 885 4433 N
895 4380 904 4451 11
917 4381 1049 4436 leucatem
1066 4386 1110 4456 Ν11
1123 4383 1295 4457 11111αοί1311
1308 4386 1340 4434 26

138 4490 141 4495 ’
185 4469 286 4522 intesta
300 4475 321 4517 Β
333 4460 386 4536 1127
401 4465 533 4518 ducentae
544 4467 634 4519 minus
652 4465 767 4518 Titziae:
788 4466 920 4520 ducentae
932 4484 987 4520 non
999 4467 1088 4522 minua
1100 4481 1145 4521 ΒΝ
1154 4471 1164 4540 11

218 4565 335 4606 nonve.
1160 4567 1175 4616 8

127 4703 169 4746 κέ

41 4786 102 4826 a!
