3300 5084
571 394 958 479 fflmstwfflm
1066 367 1070 374 ¹
1242 399 1347 469 ,ὥ

195 562 230 626 in
245 565 358 632 Asiam
372 575 587 647 transgressus
602 564 709 650 ipsum
724 564 886 646 opprimit.
911 575 944 626 et
965 565 1161 640 debellatum
1175 565 1268 640 soret,
1284 564 1349 628 nisi
1368 646 1371 652 Ι

196 671 235 730 de
262 669 450 732 Mithridate
476 669 673 750 triumphare
699 668 762 733 cito
788 671 885 752 quam
910 692 985 748 uere
1010 669 1187 732 maluisset.
1216 691 1252 754 ac
1278 680 1349 732 tum
1387 651 1390 665 .

197 775 326 857 quidem
340 776 427 836 hunc
448 775 544 851 Asiae
559 785 680 837 statum
701 774 793 837 Sulla
813 776 954 837 dederat.
985 769 1087 837 ictum
1108 796 1183 837 cum
1204 774 1349 838 Ponticis

196 881 320 956 foeduS,
342 881 461 963 recepit
475 881 665 963 Bithyniam
681 901 783 961 arege
790 879 997 955 Nicomedes,
1020 879 1250 947 Ariobarzanes
1265 875 1370 960 Cap-³
1403 947 1406 951 ¹

157 999 172 1048 5
193 977 378 1069 padociam,
410 985 488 1047 Asia
503 1008 612 1053 rursus
627 995 756 1060 nostra,
773 994 811 1046 ut
823 995 986 1066 coeperat,
1004 985 1209 1047 Mithridates
1221 995 1358 1054 tantum⁴

196 1071 353 1174 repulsus.
373 1091 480 1172 itaque
496 1113 562 1157 non
576 1091 672 1174 fregit
688 1111 725 1152 ea
739 1111 788 1152 res
805 1089 969 1165 Ponticos,
987 1083 1043 1153 'sed
1057 1088 1350 1171 incenditquippe

195 1218 251 1258 rex
266 1197 351 1259 Asia¹
360 1206 392 1258 et
407 1197 536 1278 Europa
551 1195 691 1278 quodam
705 1196 800 1257 modo
815 1195 977 1258 inescatus
992 1180 1060 1258 non
1080 1194 1145 1262 iam
1167 1194 1258 1276 quasi
1273 1193 1349 1256 alie—

165 1337 167 1344 ·
196 1323 284 1377 nam,
302 1302 370 1376 sed,
387 1301 462 1383 quia
477 1295 647 1376 amiserat,
665 1300 755 1382 quasi
770 1310 896 1381 raptam
909 1300 987 1362 belli
1003 1301 1071 1362 iure
1087 1300 1261 1382 repetebat.
1286 1289 1354 1381 igi-
1444 1311 1451 1321 '

196 1417 251 1468 tur
265 1417 302 1469 ut
318 1407 460 1468 extincta
474 1428 587 1487 parum
601 1405 739 1468 fideliter
753 1405 903 1467 incendia
924 1406 1043 1469 maiore
1064 1407 1194 1468 flamma
1215 1404 1350 1467 reuiuis-

145 1515 177 1572 1'0
199 1522 296 1587 cunt,
320 1511 366 1573 ita
381 1512 435 1573 ille
451 1512 490 1573 de
505 1511 648 1594 integro,
666 1509 767 1572 auctis
782 1509 937 1572 maiorem
950 1510 986 1570 in
1000 1512 1136 1576 modum
1147 1509 1265 1593 copiis,
1283 1519 1351 1572 tota

201 1612 338 1699 denique
353 1616 444 1699 regni
460 1617 511 1679 sui
525 1617 610 1679 mole
624 1605 660 1682 in
674 1614 787 1677 Asiam
807 1637 916 1676 rursus
939 1613 1021 1676 mari
1041 1624 1125 1678 terra
1145 1615 1349 1723 flumirgibus-
1428 1655 1433 1664 ·

198 1743 259 1804 que
274 1722 436 1785 ueniebat.
767 1733 768 1736 ’
1120 1782 1123 1788 ,

235 1888 239 1892 ,
284 1829 439 1910 Cyzicus,
456 1827 573 1891 nobilis
589 1828 721 1903 ciuitas,
746 1850 816 1890 arce
839 1827 1007 1890 moenibus
1029 1826 1350 1914 portuturribusque

197 1915 382 1996 marmoreis
397 1933 558 1997 Asiaticae
574 1933 687 2015 plagae
702 1932 797 1994 litora
811 1931 974 1994 inlustrat.
999 1933 1083 1994 hanc
1098 1932 1153 1994 ille
1166 1930 1257 2013 quasi
1272 1931 1350 1992 alte-
1425 2001 1429 2003 Α

147 2048 178 2098 15
199 2059 267 2115 ram
283 2040 422 2100 Romam
437 2048 505 2100 toto
519 2038 683 2100 inuaserat
704 2038 800 2100 bello.
833 2039 889 2101 sed
909 2037 1062 2100 fiduciam
1085 2036 1252 2121 oppidanis
1274 2035 1350 2098 resi-

198 2142 304 2204 stendi
318 2125 453 2205 nuntius
471 2143 558 2218 fecit,
576 2144 692 2205 docens
708 2144 881 2224 aduentare
893 2143 1079 2219 Lucullum,
1097 2143 1152 2226 qui
1167 2180 1202 2190 -
1223 2141 1351 2205 orribile

198 2247 288 2310 dictu
303 2286 344 2296 —
359 2271 415 2331 per
437 2248 558 2310 medias
580 2248 723 2310 hostiurn
744 2269 845 2310 naues
867 2257 938 2309 utre
965 2270 1139 2330 suspensus
1161 2259 1194 2310 et
1214 2247 1349 2330 pedibus

197 2352 258 2414 iter
272 2355 475 2434 gubernans,
492 2353 677 2416 uidentibus
693 2354 805 2434 procul
823 2352 915 2434 quasi
929 2352 1053 2414 marina
1067 2353 1176 2435 pristis
1191 2363 1346 2414 euaserat.

197 2479 273 2520 mox
295 2459 384 2521 clade
408 2481 581 2534 conuersa,
604 2480 678 2520 cum
699 2479 739 2518 ex
760 2478 850 2518 mora
871 2456 987 2517 obsidii
1008 2477 1116 2536 regem
1136 2457 1236 2518 fames
1257 2468 1289 2518 et
1310 2479 1351 2519 ex

144 2573 177 2622 20
197 2562 281 2623 fame
296 2563 481 2643 pestilentia
495 2572 658 2644 urgueret,
675 2563 877 2623 recedentem
888 2560 1045 2622 Lucullus
1057 2559 1242 2641 adsequitur
1258 2542 1350 2624 adeoss

128 2713 135 2724 .
184 2667 258 2747 ‘que
274 2666 378 2727 caedit
398 2677 435 2728 ut
459 2666 618 2728 Granicus
634 2675 666 2727 et
686 2667 830 2746 Aesepus
854 2686 964 2726 amnes
984 2664 1109 2726 cruenti
1129 2667 1347 2729 redderentur.
1377 2728 1381 2734 ,
1433 2672 1436 2677 “

184 2785 254 2832 ‘rex
277 2771 411 2833 callidus
435 2773 662 2852 Romanaeque
685 2769 838 2832 auaritiae
859 2769 980 2852 peritus
1003 2769 1110 2857 spargi
1131 2791 1245 2832 aurum
1267 2773 1349 2836 afu-

195 2875 359 2958 gientibus
375 2885 407 2937 et
422 2875 592 2957 pecuniam
606 2875 711 2950 iussit,
730 2896 794 2957 qua
808 2885 976 2956 sequentes
991 2877 1179 2938 moraretur.
1203 2898 1264 2938 nec
1278 2877 1348 2948 feli-

197 2981 262 3044 cior
276 2980 312 3042 in
327 2979 407 3042 mari
422 2971 528 3062 quarn·
541 2991 624 3042 terra
646 2981 733 3062 fuga.
760 2979 878 3061 quippe
899 2989 1029 3042 centum
1052 2975 1190 3061 amplius
1212 2983 1349 3046 nauium

143 3096 176 3146 25
197 3087 330 3149 classem
345 3097 500 3170 apparatu
514 3086 591 3148 belli
605 3107 737 3168 grauem
752 3084 889 3147 Pontico
903 3085 984 3147 mari
1005 3087 1153 3167 adgressa
1175 3095 1348 3170 tempestas

196 3201 263 3252 tarn
277 3192 370 3254 foeda
385 3201 489 3273 strage
510 3191 664 3254 lacerauit
692 3200 729 3252 ut
751 3189 877 3252 naualis
891 3189 970 3251 belli
983 3189 1086 3252 instar
1100 3193 1254 3268 efficeret,
1279 3194 1347 3274 pla·

196 3315 300 3377 neque
315 3305 352 3360 ut
367 3297 523 3359 Lucullus
539 3298 678 3380 quodam
689 3315 763 3357 cum
774 3295 926 3358 fiuctibus
937 3294 1148 3382 procellisque
1159 3297 1348 3361 commercio

197 3399 423 3461 debellandum
442 3400 610 3463 tradidisse
637 3419 746 3479 regern
772 3397 881 3458 uentis
908 3397 1082 3459 uideretur.
1119 3400 1253 3462 adtritae
1270 3402 1348 3464 ‘iam

197 3525 306 3567 omnes
322 3501 513 3564 ualidissimi
527 3500 618 3582 regni
629 3501 714 3564 uires
726 3512 829 3576 erant,
846 3501 902 3563 sed
913 3501 1039 3570 animus
1051 3501 1143 3564 malis
1156 3505 1343 3584 augebatur.

200 3779 210 3828 1
226 3776 354 3846 obprimit
365 3788 390 3827 N
401 3775 410 3845 11
423 3779 439 3828 2
450 3774 593 3828 mithidate
604 3787 623 3826 Β
637 3775 645 3844 11
659 3779 674 3826 3
688 3774 755 3844 sylla
766 3785 810 3826 ΒΝ
821 3775 830 3844 11
843 3777 859 3826 4
870 3774 990 3844 reccepit
1000 3788 1019 3828 Β
1031 3776 1047 3846 11,
1054 3782 1083 3828 et
1093 3793 1157 3844 rege
1168 3789 1188 3827 Β
1200 3778 1209 3846 1
1221 3776 1346 3830 Nicome-

197 3862 252 3926 des,
262 3853 462 3913 'Ariobarzanes
475 3860 600 3928 Lqrsios:
619 3858 778 3911 nichomede
791 3859 824 3910 ab
837 3859 1024 3912 ariobarzenae
1035 3873 1063 3924 Β,
1077 3859 1217 3920 nicomede
1230 3861 1264 3912 ab
1276 3861 1344 3912 ario-

193 3946 340 3998 barzaneN
350 3945 358 4014 11
372 3949 425 3996 5ac
433 3944 471 3996 sic
479 3950 537 3996 erat
543 3943 599 3995 asia
605 3961 711 3996 rursum
722 3955 748 3994 N
757 3942 766 4012 1Ι
781 3939 888 4011 ciperet
905 3943 1061 3997 mithidatcs
1078 3951 1171 3996 tantus
1188 3957 1207 3996 Β
1220 3945 1257 4014 119
1275 3946 1345 3998 reui-

196 4019 311 4083 uescunt
328 4041 373 4082 ΒΝ
387 4029 397 4098 11
419 4031 448 4080 13
469 4028 567 4080 cizicus
585 4040 621 4090 Β,
642 4027 761 4096 cyzicum
778 4026 823 4095 Ν11
845 4029 876 4078 14
894 4027 987 4080 littora
1003 4041 1023 4080 Β
1035 4028 1044 4098 11
1060 4032 1091 4081 16
1109 4029 1237 4082 horribile
1254 4042 1279 4081 Ν
1290 4030 1300 4100 11
1314 4033 1344 4081 18

196 4113 384 4182 adgubernans
401 4125 427 4165 Ν
444 4113 452 4183 11
472 4112 546 4165 istrie
562 4124 587 4163 Ν
603 4111 612 4180 11
634 4113 665 4164 19
689 4111 857 4164 obsidentem
874 4122 899 4163 Ν
915 4111 924 4180 11
943 4129 1035 4180 regem
1054 4130 1087 4164 ex
1105 4115 1175 4166 fame
1192 4115 1347 4183 pestilentia

194 4207 219 4248 N
229 4197 238 4264 11
252 4200 282 4247 21
297 4195 394 4249 cecidit
405 4209 430 4248 N
440 4197 448 4266 11
462 4197 609 4267 granippus
625 4208 645 4248 Β
658 4196 666 4266 11
680 4213 793 4268 aesopus
810 4207 855 4249 ΒΝ
865 4195 874 4264 11
887 4199 920 4247 22
939 4213 1034 4248 aurum
1051 4215 1093 4248 om
1109 4209 1135 4250 N
1151 4199 1160 4267 11
1178 4202 1210 4251 23
1228 4200 1345 4251 sarcinas

197 4284 224 4329 et
235 4281 376 4346 pecuniam
386 4281 517 4350 Ν1124ἰη
534 4288 605 4333 terra
621 4293 647 4332 N
658 4281 666 4351 11
686 4287 794 4334 centum
813 4299 856 4333 om
873 4293 892 4334 Β
906 4279 960 4350 125
981 4281 1193 4350 adparatumque
1204 4294 1230 4334 N
1240 4283 1249 4352 11
1262 4298 1344 4351 graue

196 4374 216 4414 Β
229 4362 238 4431 11
251 4369 337 4429 pontu
348 4375 375 4426 Β,
390 4363 419 4414 in
431 4365 540 4432 pontico
552 4377 577 4417 N
586 4363 594 4418 ,¹¹
610 4371 798 4434 tempestatem
809 4364 877 4421 fode
888 4375 907 4417 Β
920 4363 929 4433 11
943 4367 976 4415 26
983 4363 1148 4434 planequasi
1160 4366 1278 4418 lucullus
1290 4377 1315 4416 N
1330 4365 1339 4434 11

196 4449 228 4498 29
242 4445 401 4497 ualidissimi
413 4457 441 4508 Β,
454 4446 635 4500 ualidissimae
648 4452 663 4500 2
676 4465 757 4500 manu
770 4450 780 4518 11
1147 4455 1152 4462 ’
1402 4452 1406 4460 “

227 4541 344 4582 rnoavs.
1166 4548 1181 4594 5
