3300 5084
280 361 321 424 80
766 377 836 420 nur
852 373 950 419 mour

325 453 329 459 .
377 472 383 482 ι
429 455 432 458 .
752 453 765 477 ,
895 473 899 477 ἢ

281 530 350 592 siue
372 548 473 608 aequo
495 537 527 587 et
548 525 633 588 bono
655 526 791 601 ductus,
819 525 895 607 quia
921 525 1088 608 depulsam
1114 520 1198 605 agris
1221 521 1288 586 suis
1307 523 1436 606 plebem

281 635 450 697 miseratus
477 640 543 706 est,
570 652 611 692 ne
637 631 775 712 populus
802 630 950 712 gentium
971 629 1075 691 uictor
1100 627 1248 709 orbisque
1273 610 1436 710 possessor

281 739 401 818 laribus
417 759 453 799 ac
468 735 547 798 focis
563 735 628 798 suis
644 735 806 810 exularet,
831 756 1031 816 quacumque
1052 744 1161 796 mente
1182 756 1250 796 rem
1274 756 1371 796 ausus
1386 735 1435 795 in-

282 854 413 928 gentem
427 852 486 904 est.
515 831 685 922 postquam
699 839 872 921 rogationis
888 839 955 902 dies
971 841 1081 901 aderat
1095 839 1221 920 ingenti
1232 839 1373 921 stipatus·
1382 861 1435 922 ag-

284 951 370 1012 mine
378 959 480 1012 rostra
493 944 689 1020 conscendit,
704 967 763 1006 nec
775 947 883 1008 deerat
895 944 992 1007 obuia
1002 966 1101 1007 manu
1114 953 1182 1006 tota
1188 944 1264 1006 inde
1270 945 1433 1008 nobilitas.
1460 959 1475 1006 5
1497 1027 1504 1032 .

208 1113 216 1126 ,
284 1066 316 1118 et
328 1053 449 1117 tribuni
464 1053 499 1114 in
513 1050 669 1132 partibus.
685 1061 732 1112 set
743 1049 799 1111 ubi
807 1049 1059 1112 intercedentem
1070 1049 1195 1131 legibus
1208 1049 1274 1112 suis
1287 1051 1325 1113 C.
1341 1051 1436 1113 Octa-

284 1161 376 1222 uium
391 1159 481 1221 uidet
497 1156 683 1230 Gracchus,
708 1165 819 1217 contra
833 1155 881 1216 fas
897 1154 1025 1236 collegii
1039 1154 1118 1217 iuris
1133 1154 1302 1236 potestatis
1317 1154 1437 1218 iniecta

284 1287 383 1328 manu
398 1261 523 1345 depulit
537 1258 664 1334 rostris,
693 1257 835 1341 adeoque
856 1258 1017 1342 praesenti
1038 1269 1128 1322 metu
1149 1259 1260 1322 mortis
1283 1261 1437 1325 exterruit
1482 1334 1484 1338 ¹

285 1381 323 1434 ut
338 1368 483 1431 abdicare
499 1387 532 1428 se
547 1365 738 1446 magistratu
753 1375 928 1447 cogeretur.
962 1363 1007 1426 sic
1033 1363 1184 1426 triumuir
1208 1375 1332 1428 creatus
1354 1365 1436 1427 diui-

286 1474 398 1538 dendis
415 1472 497 1555 agris
525 1471 655 1533 eumad
676 1471 888 1551 perpetranda
908 1480 1022 1551 coepta
1042 1469 1093 1530 die
1114 1468 1317 1531 comitiorum
1330 1491 1437 1552 proro·
1458 1482 1490 1532 10

285 1579 355 1663 gari
374 1578 436 1641 sibi
457 1577 556 1639 uellet
578 1573 767 1658 imperium,
793 1561 890 1636 obuia
909 1572 1060 1636 nobilitas
1082 1595 1182 1635 manu
1205 1595 1333 1650 eorum,
1358 1597 1437 1657 quos

288 1685 372 1768 agris
393 1691 548 1746 mouerat.
578 1680 689 1742 coedes
712 1701 731 1741 a
751 1679 818 1741 foro
840 1679 961 1761 coepit3
986 1679 1062 1740 iude
1082 1699 1157 1739 cum
1185 1679 1220 1740 in
1241 1679 1438 1761 Capitolium
1495 1759 1500 1762 h

287 1788 480 1872 profugisset
494 1787 683 1868 plebemque
699 1785 739 1845 ad
754 1783 973 1846 defensionem
992 1783 1105 1846 salutis
1127 1805 1205 1846 suae
1225 1805 1326 1846 manu
1340 1795 1438 1866 caput

288 1905 424 1977 tangens
446 1892 644 1965 hortaretur,
667 1888 815 1971 praebuit
837 1889 975 1970 speciem
996 1910 1131 1971 regnum
1153 1889 1215 1951 sibi
1237 1899 1270 1951 et
1292 1889 1438 1951 diadema

287 1997 466 2082 poscentis,
491 1999 594 2078 adque
615 1995 662 2056 ita
683 1995 763 2055 duce
787 1993 937 2074 Scipione
958 1993 1094 2069 Nasica,
1119 1994 1278 2058 concitato
1299 1995 1336 2056 in
1350 2016 1438 2057 arma
1459 2008 1491 2056 15

287 2104 418 2187 populo,
436 2101 528 2184 quasi
542 2101 610 2163 iure
626 2119 794 2181 oppressus
810 2108 869 2160 est.

582 2356 648 2417 ΙΙΙ.
674 2353 858 2417 SEDITIO
873 2354 910 2416 O.
930 2352 1148 2419 GRACCHI.

170 2600 224 2655 111,
242 2583 280 2641 15
292 2581 411 2644 Statim
426 2589 458 2640 et
473 2576 584 2640 mortis
601 2587 634 2637 et
653 2575 762 2657 legum
776 2573 881 2636 fratris
898 2573 949 2636 sui
963 2574 1084 2638 uindex
1098 2596 1165 2636 non
1178 2574 1301 2638 minore
1316 2574 1440 2656 impetu

286 2685 422 2748 incaluit
437 2684 474 2745 C.
494 2682 671 2745 Gracchus.
697 2679 752 2760 qui
773 2702 847 2740 curn
867 2679 936 2760 pari
958 2681 1101 2742 tumultu
1124 2691 1218 2761 atque
1239 2689 1357 2742 terrore
1371 2683 1437 2764 ple-

285 2792 360 2852 bem
374 2790 408 2849 in
424 2786 528 2848 auitos
544 2807 635 2866 agros
651 2793 840 2857 arcesseret,
864 2793 897 2844 et
920 2795 1080 2846 recentem
1102 2785 1207 2846 Attali
1228 2785 1439 2847 hereditatem
1458 2795 1491 2844 20

286 2893 321 2954 in
350 2892 501 2954 alimenta
526 2889 645 2972 populo
681 2887 900 2968 polliceretur,
928 2887 1055 2969 iamque
1078 2888 1198 2952 nimius
1232 2899 1264 2951 et
1290 2889 1439 2970 inpotens

287 3000 385 3059 altero
401 2993 568 3056 tribunatu
584 2993 723 3054 secunda
737 2989 831 3072 plebe
847 2990 1014 3065 uolitaret,
1039 2992 1192 3072 obrogare
1214 3014 1292 3052 auso
1312 2993 1438 3074 legibus

288 3100 354 3164 suis
370 3097 516 3160 Minucio
532 3096 677 3170 tribuno,
699 3096 799 3156 fretus
816 3093 970 3155 comitum
983 3115 1083 3155 manu
1097 3095 1194 3158 fatale
1209 3096 1348 3158 familiae
1363 3119 1440 3159 suae
1469 3080 1472 3085 Ι

288 3203 486 3287 Capitolium
499 3201 631 3263 inuasit.
657 3200 731 3261 inde
747 3198 964 3280 proximorum
984 3200 1079 3261 caede
1100 3199 1251 3279 depulsus
1266 3224 1342 3263 cum
1356 3224 1390 3264 se
1404 3202 1439 3264 in

287 3308 489 3372 Auentinum
517 3305 703 3388 recepisset,
732 3302 807 3365 inde
838 3325 963 3385 quoque
992 3303 1088 3365 obuia
1116 3315 1246 3368 senatus
1273 3327 1373 3367 manu
1400 3308 1439 3369 ab
1459 3319 1492 3367 25

288 3413 417 3497 Opimio
438 3411 569 3474 consule
591 3431 760 3492 oppressus
783 3419 842 3470 est.
868 3407 1063 3470 insultatum
1085 3431 1210 3491 quoque
1232 3411 1344 3473 mortis
1366 3412 1437 3473 reli·

287 3519 390 3602 quiis,
414 3527 445 3580 et
461 3516 542 3578 illud
563 3523 799 3577 sacrosanctum
820 3523 916 3594 caput
940 3512 1060 3575 tribuni
1079 3514 1181 3597 plebis
1202 3517 1438 3600 percussoribus

287 3645 364 3686 auro
379 3630 593 3705 repensatum.

288 3979 302 4029 2
316 3993 395 4029 nemo
407 3992 468 4028 cum
481 3975 603 4044 gentium
615 3987 640 4027 N
650 3974 659 4044 ll
673 3979 687 4026 3
701 3974 866 4028 exsularetN
875 3974 885 4044 ll
898 3978 914 4026 4
926 3980 967 4027 est
978 3972 1122 4025 Halmius:
1141 3975 1188 4028 sed
1199 3988 1227 4038 Β,
1241 3988 1316 4028 omN
1325 3977 1334 4046 ll
1347 3977 1440 4030 ederat

286 4073 306 4115 Β
319 4061 327 4131 Η
341 4060 444 4113 acmine
455 4072 475 4112 Β
488 4059 496 4129 ll
511 4064 526 4112 6
538 4078 565 4129 g.
575 4072 598 4112 N
611 4060 619 4128 ll
635 4064 648 4111 7
661 4060 704 4111 ius
711 4059 885 4128 potestatisN
896 4059 904 4127 ll
917 4059 1049 4111 inlectaN
1059 4058 1067 4126 ΙΙ
1083 4062 1114 4112 10
1127 4067 1155 4110 at
1166 4076 1298 4128 perperna
1309 4069 1412 4130 ceptaB
1425 4061 1433 4131 ΙΙ

290 4148 318 4198 11
331 4141 463 4197 nobiliu'm
475 4161 556 4196 manu
570 4155 746 4212 eorumqueN
757 4143 765 4212 ll
782 4141 811 4194 1‘2
818 4143 907 4212 caepit
923 4154 948 4193 N
958 4145 967 4211 ΙΙ
981 4142 1075 4194 cedere
1088 4159 1104 4193 a
1116 4142 1174 4194 foro
1183 4145 1273 4212 coegit
1283 4147 1412 4199 Halmius
1425 4147 1434 4216 ll

289 4232 319 4281 17
334 4229 367 4281 G.
382 4240 508 4282 GRAchI
520 4241 545 4279 N
556 4229 564 4296 ll
580 4231 611 4279 19
624 4227 648 4279 G
659 4239 701 4280 ΒΝ
714 4227 722 4296 ΙΙ
737 4231 768 4278 20
779 4226 886 4279 adtaliB
898 4227 908 4295 fl
922 4227 952 4277 21
966 4226 1093 4294 inpotens
1104 4227 1251 4281 Heinsius:
1264 4237 1360 4299 potens
1371 4243 1416 4284 ΒΝ
1426 4233 1435 4302 ΙΙ

288 4316 320 4364 22
340 4312 470 4381 obrogare
491 4331 524 4373 ς;
543 4311 683 4380 abrogare
701 4324 745 4364 ΒΝ
756 4312 764 4379 ll
778 4315 808 4362 23
828 4310 944 4363 minutio
963 4311 1031 4380 BNll
1052 4311 1190 4364 comitium
1209 4324 1229 4366 Β
1247 4313 1256 4382 ΙΙ
1269 4315 1378 4368 letalem
1389 4328 1415 4367 Ν
1425 4317 1434 4383 ll

288 4399 320 4448 26
337 4395 448 4464 reliquis
466 4407 491 4447 Ν
508 4395 516 4463 ll
536 4398 569 4448 28
587 4405 730 4464 pensatum
740 4405 782 4447 est
792 4407 818 4446 Ν
834 4395 843 4463 ll
