3300 5084
308 343 350 406 42
409 379 413 382 ·
796 365 867 408 rum
884 366 982 410 mons

298 515 448 601 ¹quodam
464 513 556 594 quasi
572 524 663 578 aestu
674 523 707 578 et
718 525 858 578 torrente
873 516 1035 592 fortunae,
1051 519 1107 580 sed
1122 517 1219 600 primi
1234 518 1379 583 omnium
1393 520 1463 582 Ma·

309 621 463 695 eedones,
487 619 661 682 adfectator
677 622 840 702 quondam
853 621 979 703 imperii
1000 623 1150 704 populus.
1187 624 1295 706 itaque
1316 624 1465 707 quamuis

309 736 381 789 tum
397 723 568 808 Philippus
584 747 682 808 regno
697 727 907 808 praesideret,
936 726 1078 790 Romani
1100 738 1209 791 tamen
1230 728 1383 793 dimicare
1405 729 1466 792 sibi
1638 802 1640 817 Ι

311 853 385 894 cum
399 852 473 913 rege
487 829 672 894 Alexandro
694 831 900 894 uidebantur.
925 833 1173 914 Macedonicum
1191 836 1314 898 bellum
1335 835 1464 899 nomine
1558 872 1562 875 ·

312 936 450 1018 amplius
476 958 574 1018 quam
600 937 795 1020 spectatione
822 937 928 1020 gentis
953 939 1027 1004 fuit.
1053 962 1150 1005 causa
1171 940 1276 1022 coepit
1298 963 1318 1003 a
1339 942 1499 1005 foedatae
1541 985 1546 991 -
1638 990 1640 1021 ÷

313 1041 479 1124 Philippi,
495 1064 558 1128 quo
573 1063 630 1106 rex
644 1042 709 1104 iam
724 1041 849 1124 pridem
872 1045 1091 1109 dominantem
1107 1045 1142 1108 iu
1158 1045 1256 1108 Italia
1268 1046 1466 1110 Annibalem

313 1146 375 1210 sibi
389 1146 513 1211 socium
526 1147 696 1224 iunxerat,
719 1138 831 1230 postea
845 1149 947 1213 creuit
961 1149 1198 1232 inplorantibus
1214 1150 1352 1216 Athenis
1374 1151 1465 1229 auxi-

313 1253 395 1315 lium
409 1262 521 1316 contra
535 1251 618 1334 regis
633 1252 780 1328 iniurias,
798 1275 873 1317 cum
888 1254 944 1318 ille
959 1255 1046 1319 ultra
1060 1255 1111 1318 ius
1127 1257 1281 1321 uictoriae
1296 1257 1329 1319 in
1347 1257 1466 1339 templa

314 1369 346 1422 ct
366 1381 436 1424 aras
459 1369 491 1422 et
513 1358 657 1441 sepulcra
678 1358 749 1441 ipsa
770 1358 919 1422 saeuiret.
955 1361 1078 1443 placuit
1100 1363 1228 1426 senatui
1252 1381 1346 1447 opem
1366 1361 1466 1427 tantis

312 1466 393 1528 ferre
408 1464 618 1548 supplicibus.
644 1464 763 1548 quippe
777 1464 843 1528 iam
856 1465 1004 1548 gentium
1018 1489 1108 1550 reges
1125 1470 1222 1533 duces
1236 1467 1349 1551 populi
1363 1467 1465 1533 natio·
1488 1479 1521 1528 10
1638 1500 1639 1543 1

313 1593 369 1650 nes
385 1570 543 1654 praesidia
558 1571 619 1634 sibi
634 1573 674 1634 ab
689 1570 750 1634 hac
765 1572 844 1633 urbe
858 1573 1056 1655 repetebant.
1081 1567 1243 1654 ”primum
1263 1573 1364 1656 igitur
1385 1576 1465 1636 Lae·
1488 1574 1513 1634 I

314 1677 392 1742 uino
413 1679 544 1743 consule
566 1680 706 1762 populus
733 1675 899 1740 Romanus
927 1676 1058 1742 Ionium
1082 1700 1170 1740 mare
1192 1677 1374 1759 ingressus,
1400 1687 1468 1742 tota

315 1785 469 1852 Graeciae
498 1770 593 1848 litora
618 1784 723 1852 ueluti
753 1783 967 1866 triumphanti
999 1783 1101 1848 classe
1134 1783 1330 1866 peragramt.
1366 1782 1469 1866 spolia

268 1977 272 1982 Ι
314 1891 433 1976 quippe
449 1891 577 1956 Siciliae
594 1889 761 1954 Sardiniae
776 1888 957 1973 Hispaniae
971 1888 1099 1955 Africae
1114 1889 1331 1972 praeferebat,
1355 1900 1387 1952 et
1402 1909 1468 1951 ma·

314 1998 466 2062 nifastem
480 1995 648 2060 uictoriam
663 2005 739 2058 nata
753 1994 789 2058 in
809 1997 968 2078 praetoria
988 1996 1090 2080 puppi
1110 1998 1221 2060 laurus
1243 1995 1465 2078 pollicebatur.
1491 2007 1523 2055 15
1638 1982 1639 2003 *

315 2104 425 2172 aderat
442 2111 554 2184 sponte
569 2101 605 2162 in
621 2100 778 2164 auxilium
792 2101 924 2185 Attalus
945 2125 1002 2164 rex
1024 2089 1314 2185 Pergamenorum,
1338 2103 1471 2164 aderant

315 2206 455 2281 Rhodii,
478 2205 628 2268 nauticus
642 2207 801 2288 populuS,
827 2206 883 2287 qui
897 2206 1036 2270 uallibus
1052 2229 1071 2268 a
1085 2207 1186 2282 mari,
1208 2208 1322 2269 consul
1344 2229 1364 2268 a
1378 2204 1470 2268 terris

316 2311 424 2376 omnia
438 2311 528 2394 equis
543 2311 685 2394 rurisque
700 2310 877 2393 quatiebat.
901 2309 951 2372 bis
966 2309 1092 2385 uictus,
1108 2311 1159 2374 bis
1173 2311 1304 2392 fugatus
1319 2332 1395 2384 rex,
1418 2309 1469 2370 bis

316 2427 433 2482 exutus
449 2416 573 2492 castris,
591 2439 665 2480 cum
680 2425 788 2480 tamen
799 2415 884 2477 nihil
896 2414 1070 2478 terribilius
1081 2415 1313 2483 Macedonibus
1325 2395 1470 2497 fiiitxipso

316 2525 485 2588 uolnerum
500 2531 648 2605 aspectu,
666 2543 747 2603 quae
763 2543 830 2584 non
844 2519 977 2603 spiculis
992 2542 1052 2582 nec
1067 2519 1194 2602 sagittis
1208 2541 1268 2582 nee
1284 2507 1352 2583 ullo
1368 2521 1468 2583 Grae·
1490 2530 1524 2580 20

316 2629 388 2692 culo
403 2630 498 2704 ferre,
516 2629 572 2691 sed
586 2626 772 2710 ingentibus
784 2626 859 2709 pilis
871 2647 931 2688 nec
942 2625 1247 2702 minoribus-adacta
1257 2625 1374 2707 gladiis
1386 2625 1472 2687 ultra

315 2743 450 2801 mortem
457 2734 621 2816 patebant.
636 2732 799 2796 enimuero
806 2734 832 2794 F
833 2731 1077 2794 lamininoduce
1084 2730 1192 2796 inuios
1200 2740 1296 2794 autea
1302 2731 1472 2811 Chaonum

315 2849 440 2905 montes
455 2840 624 2920 Aoumque
645 2859 772 2900 amnem
791 2859 848 2918 per
870 2837 1008 2919 abrupta
1027 2838 1199 2900 uadentem
1221 2846 1253 2897 et
1275 2835 1345 2917 ipsa
1365 2838 1471 2898 Mace·

315 2944 430 3008 doniae
445 2944 585 3006 claustra
599 2943 853 3026 penetrauimus,
867 2941 1016 3014 introisse
1031 2941 1167 3008 uictoria
1182 2940 1255 3004 fuit.
1270 2948 1346 3002 nam
1360 2951 1473 3024 postea

224 3124 226 3128 Ι
316 3071 493 3132 numquam
508 3070 605 3113 ausus
621 3047 771 3130 congredi
794 3069 852 3109 rex
873 3047 1097 3122 adtumulcs,
1126 3069 1205 3129 quos
1228 3047 1471 3128 Cynocephalas
1493 3058 1526 3106 25

317 3164 452 3230 uocant,
469 3175 535 3218 uno
551 3177 587 3217 ac
602 3151 644 3215 nc
659 3153 720 3216 hoc
736 3152 866 3234 quidem
880 3151 966 3214 iusto
981 3152 1103 3235 proelio
1127 3147 1351 3235 opprimitur.u
1377 3162 1410 3214 et
1424 3151 1524 3236 illi[I]

317 3260 446 3343 quidem
461 3258 574 3323 consul
588 3279 701 3343 pacem
716 3257 804 3320 dedit
818 3279 1019 3340 regnumque
1034 3256 1211 3332 concessit,
1227 3279 1322 3333 mox,
1339 3279 1380 3320 ne
1396 3257 1474 3339 quid

317 3377 401 3430 esset
415 3365 544 3440 hostile,
562 3364 689 3426 Thebas
705 3372 737 3424 et
752 3363 919 3425 Euboeam
934 3375 966 3425 et
980 3372 1180 3446 grassantem
1201 3364 1261 3425 sub
1276 3363 1404 3426 Nabide
1425 3373 1473 3444 ty-
1575 3392 1580 3397 ·

317 3495 419 3536 ranno
435 3493 493 3536 suo
509 3472 752 3534 Lacedaemona
766 3467 964 3552 conpescuit.
986 3467 1143 3532 Graeciae
1158 3490 1236 3531 uero
1250 3479 1394 3531 ueterem
1409 3477 1472 3530 sta-

322 3766 333 3814 l
349 3761 426 3830 quasi
438 3761 509 3812 asiae
523 3766 598 3812 aestu
609 3770 629 3811 B
641 3757 651 3827 1
665 3757 702 3810 sic
715 3755 795 3825 primi
803 3767 828 3807 N
839 3755 847 3824 11
862 3757 876 3806 3
889 3759 985 3806 tuneN
994 3753 1004 3822 11
1017 3758 1033 3805 6
1046 3753 1146 3824 quoda
1158 3753 1169 3823 11
1183 3752 1305 3804 leotium
1311 3751 1437 3801 iunxerat
1443 3760 1471 3811 Ν,

320 3847 471 3899 sociaucrat
481 3857 506 3896 N
516 3847 526 3914 11
539 3839 555 3895 8‘
566 3841 668 3912 templa
679 3859 738 3894 aras
750 3853 775 3892 N
785 3841 794 3909 11
808 3843 824 3891 9
836 3827 978 3908 sepulchra
988 3850 1014 3890 N
1024 3839 1033 3908 11
1049 3843 1080 3891 10
1096 3846 1152 3891 tam
1171 3850 1197 3890 N
1211 3838 1220 3906 11
1236 3839 1263 3887 11
1279 3833 1409 3903 petebant
1418 3845 1446 3884 Ν
1462 3832 1472 3901 11

317 3930 404 4000 primo
416 3941 441 3981 Ν
452 3930 460 3999 11
477 3933 507 3981 13
520 3929 609 3998 grecia
620 3941 639 3980 B
651 3928 661 3996 11
684 3929 714 3976 14
730 3923 870 3993 hispaniae
882 3941 924 3974 om
935 3935 951 3974 Ι
962 3921 971 3992 11
983 3923 1172 3992 praeferebant
1186 3921 1236 3973 ΝΙΡ
1242 3959 1248 3982 ,
1263 3919 1417 3987 preferebat
1428 3930 1454 3971 N
1464 3917 1473 3988 11

322 4018 352 4066 15
372 4031 453 4082 quam
469 4020 533 4067 nata
552 4013 588 4082 111
601 4012 638 4063 im
656 4023 676 4062 B
689 4011 698 4080 11
711 4025 801 4079 puppe
820 4020 845 4059 N
856 4006 865 4076 11
887 4012 915 4059 17
935 4007 983 4077 qui
999 4009 1116 4060 nauibus
1134 4001 1352 4073 Freinshemius:
1377 4003 1477 4072 quibus

317 4110 374 4152 BIN
385 4097 394 4168 11
410 4101 441 4149 18
451 4098 540 4150 uictus
551 4113 600 4149 rex
612 4095 654 4148 bis
667 4099 769 4146 exutus
781 4091 823 4144 bis
837 4091 949 4161 sugatur
962 4092 1106 4161 castrisN'll
1120 4095 1153 4143 20
1162 4089 1332 4140 uulnerumr
1344 4088 1353 4157 11
1367 4094 1476 4157 aspecto

323 4185 348 4248 b,
364 4184 494 4252 adspectu
505 4193 531 4236 N
541 4183 550 4252 11
563 4178 711 4233 flamminio
722 4189 763 4242 BI,
776 4177 897 4230 flaminio
908 4176 953 4246 Ν1
966 4181 999 4229 23
1011 4177 1155 4244 Aoumque
1178 4173 1306 4226 Vinctus:
1326 4187 1476 4241 sanumque

317 4281 345 4333 B,
361 4283 491 4336 saumque
503 4279 524 4330 Ι,
542 4267 660 4335 dumque
673 4276 696 4315 N
709 4263 717 4332 11
731 4279 839 4315 ornnem
850 4275 876 4315 N
886 4262 895 4332 11
908 4262 1004 4314 abruta
1015 4272 1044 4321 Ν,
1058 4258 1186 4311 abr-utum
1198 4258 1227 4310 11²
1240 4258 1250 4328 11
1263 4262 1292 4309 et
1303 4257 1338 4309 ad
1349 4269 1372 4320 Ι,
1387 4256 1453 4314 adn
1466 4254 1475 4323 11

318 4357 351 4404 24
364 4347 566 4421 penetrabimus
577 4360 603 4402 N
618 4350 627 4419 11
648 4348 908 4418 lbcynooetalasn,
938 4343 1135 4414 cynocephalos
1153 4344 1196 4413 11
1216 4347 1250 4396 26
1268 4343 1318 4395 hac
1337 4333 1371 4395 ne
1389 4353 1409 4394 n
1421 4339 1431 4409 1
1444 4342 1477 4391 28

321 4431 490 4504 grassentem
502 4433 671 4488 summauide
683 4450 733 4486 suo
745 4445 770 4486 N
781 4433 789 4502 11
803 4436 837 4485 29
848 4449 898 4485 suo
910 4436 938 4483 et
949 4429 1139 4482 lacedaemona
1149 4441 1169 4481 n
1182 4429 1191 4497 1
