3300 5084
300 335 340 397 64
729 383 731 392 s
791 351 974 394 1111111111

300 525 369 566 sam
382 497 513 584 quidem
526 498 615 564 illius
630 498 708 562 belli
722 502 947 582 praetenderat
962 510 1041 583 aput
1057 498 1205 564 Cassium
1220 501 1375 583 legatum,
1399 500 1453 564 ad-

231 619 234 624 '
302 606 429 673 trectari
454 605 606 670 temrinos
633 618 706 669 suos
734 627 753 668 a
777 605 954 671 Nicomede
980 604 1142 689 Bithyno;
1181 615 1325 668 aetenam
1349 607 1453 669 elatus

300 714 416 779 animis
431 711 618 794 ingentibus
634 710 733 774 Asiae
746 711 845 793 totius
861 721 894 774 et
901 758 911 787 ,
929 712 958 774 si
972 722 1098 793 posset,
1115 712 1262 793 Europae
1277 711 1454 794 eupiditate

300 818 466 901 flagrabat.
502 837 592 900 spem
613 838 649 880 ac
670 816 822 880 fiduciam
845 818 966 880 dabant
987 828 1097 880 nostra
1117 816 1209 879 uitia.
1246 816 1365 900 quippe
1380 837 1455 880 cum

301 924 451 986 ciuilibus
465 923 560 986 bellis
576 922 852 1004 distringeremur,
868 921 1030 986 inuitabat
1044 918 1185 999 occasio,
1208 925 1397 1006 nudumque
1412 923 1457 984 la·
1477 935 1493 983 5

301 1041 354 1093 tus
375 1028 503 1111 imperii
523 1028 736 1091 ostendebant
763 1028 875 1109 procul
898 1025 1021 1091 Marius
1044 1028 1137 1091 Sulla
1164 1027 1335 1091 Sertorius.
1371 1027 1455 1090 inter

301 1137 380 1198 haec
395 1132 603 1216 reipublicae
618 1133 755 1195 uulnera
769 1142 802 1194 et
816 1132 876 1194 hos
892 1135 1052 1197 tumultus
1067 1127 1199 1216 repente
1214 1133 1306 1217 quasi
1327 1143 1455 1216 captato

302 1239 615 1322 temporeinlassos
638 1237 735 1300 simul
759 1248 855 1320 atque
875 1237 1036 1301 districtos
1061 1239 1188 1302 subitus
1210 1240 1305 1302 trube
1326 1238 1454 1303 Pontici

302 1345 379 1408 belli
395 1346 434 1408 ab
449 1343 565 1406 ultima
578 1342 683 1406 ueluti
698 1343 828 1425 specula
842 1343 1069 1426 septentrionis
1085 1343 1201 1427 erupit.
1219 1335 1222 1338 ⁴

388 1450 516 1514 Primus
532 1446 642 1512 statim
656 1447 796 1532 impetus
817 1448 896 1512 belli
916 1449 1106 1533 Bithyniam
1127 1449 1255 1533 rapuit,
1278 1450 1357 1513 Asia
1378 1450 1453 1513 inde
1476 1462 1508 1510 11)

303 1557 373 1641 pari
388 1568 504 1620 terrore
520 1565 664 1636 correpta
687 1563 752 1630 cst,
775 1576 836 1618 nec
857 1565 1047 1618 cunctanter
1069 1556 1110 1618 ad
1130 1576 1239 1639 regem
1260 1556 1300 1617 ab
1322 1556 1455 1618 urbibus

303 1662 421 1727 nostris
435 1661 625 1745 populisque
641 1659 798 1722 descitum
813 1669 873 1722 est.
899 1662 1026 1736 aderat,
1043 1661 1197 1738 instabat,
1215 1660 1351 1723 saeuitia
1364 1659 1456 1743 quasi

305 1769 426 1832 uirtute
441 1768 602 1830 utebatur.
617 1787 693 1828 nam
708 1765 786 1848 quid
801 1765 939 1828 atrocius
955 1789 1021 1830 uno
1036 1766 1106 1829 eius
1121 1766 1238 1842 edicto,
1254 1788 1330 1829 cum
1344 1787 1454 1828 omnes

305 1875 361 1958 qui
380 1875 416 1936 in
436 1872 515 1936 Asia
536 1873 641 1934 forent
663 1873 830 1934 Romanae
850 1871 992 1934 ciuitatis
1013 1871 1159 1936 homines
1181 1871 1319 1934 interfici
1342 1870 1456 1933 iussit?

304 1993 376 2043 tum
391 1978 521 2062 quidem
535 1979 649 2042 domus
664 1978 785 2059 templa
800 1988 931 2052 etatae,
948 1977 1092 2040 humana
1105 1978 1215 2041 omnia
1225 1980 1329 2060 adque
1344 1976 1456 2039 diuina
1478 1987 1510 2036 15

305 2087 374 2147 iura
395 2085 517 2146 uiolata
538 2093 625 2148 sunt.
662 2081 790 2145 sedhic
817 2092 918 2172 terror
938 2081 1036 2146 Asiae
1057 2084 1220 2167 Europam
1242 2105 1367 2166 quoque
1389 2081 1456 2165 regi

306 2191 478 2274 aperiebat.
513 2188 621 2269 itaque
647 2186 752 2249 missis
784 2187 943 2250 Archelao
970 2189 1246 2273 Neoptolemoque
1275 2187 1462 2271 praefectis,-

306 2305 440 2378 excepta
453 2294 590 2368 Rhoda,
614 2313 695 2375 quae
710 2314 767 2375 pro
781 2293 875 2354 nobis
889 2292 1013 2356 firmius
1029 2293 1137 2369 s'tetit,
1162 2304 1284 2357 ceterae
1300 2284 1455 2377 Cyclades

307 2402 405 2465 Delos
429 2401 561 2464 Euboea
583 2409 616 2461 et
641 2398 748 2481 ipsum
770 2398 927 2462 Graeciae
948 2400 1044 2461 decus
1073 2398 1221 2462 Athenae
1249 2401 1453 2467 tenebantur.

306 2507 437 2571 Italiam
457 2505 522 2568 iam
551 2505 717 2588 ipsamque
747 2505 860 2568 urbem
883 2506 1021 2568 Romam
1041 2504 1148 2587 regius
1176 2517 1276 2568 terror
1302 2506 1453 2569 adflabat.
1479 2515 1512 2566 2ο

305 2613 414 2697 itaque
429 2613 468 2675 L.
488 2612 580 2675 Sulla
601 2610 732 2674 festinat
741 2657 751 2686 ,
776 2609 828 2670 uir
849 2609 945 2673 armis
967 2610 1128 2693 optimus,
1150 2611 1281 2694 parique
1303 2602 1482 2676 uiolentia

306 2728 456 2781 ruentem
469 2715 603 2778 ulterius
618 2715 745 2779 hostem
764 2718 876 2778 eadem
896 2714 988 2799 quasi
1007 2721 1107 2780 manu
1129 2717 1281 2800 reppulit.
1305 2717 1457 2801 primum·

306 2845 368 2906 que
382 2822 528 2884 Athenas
543 2823 656 2884 urbem
671 2859 712 2868 -
727 2821 799 2904 quis
814 2821 975 2884 crederet?
992 2858 1033 2868 -—
1047 2822 1179 2903 furgum
1192 2833 1377 2905 parentem,
1404 2823 1458 2884 ob—

307 2927 430 2990 sidione
446 2927 580 2989 acfame
596 2925 810 2991 adhumanas
832 2925 919 2989 cibos
941 2926 1105 3009 conpulit3
1130 2949 1206 2990 mox
1229 2929 1381 2991 subrutus
1403 2926 1457 2990 Pi·

306 3033 373 3097 raei
386 3042 496 3116 portus
512 3053 569 3094 sex
583 3040 640 3094 aut
655 3031 792 3114 amplius
814 3030 915 3094 mun's
937 3032 1074 3100 cinctus.
1098 3044 1269 3117 postquam
1292 3034 1458 3095 domuerat
1479 3043 1513 3093 25

307 3137 538 3222 ingratissimos
554 3135 743 3212 hominum,
761 3147 888 3212 tamen,
905 3148 942 3201 ut
958 3137 1025 3220 ipse
1041 3137 1139 3213 dixit,
1156 3138 1361 3202 inhonorem
1375 3159 1458 3201 mor·

308 3231 437 3307 tuorum
452 3242 548 3306 sacris
569 3242 635 3305 suis
658 3242 825 3325 famaeque
847 3243 992 3306 donauit.
1016 3250 1188 3305 mox'cum
1209 3245 1342 3307 Euboea
1362 3255 1458 3326 atque

306 3349 439 3412 Boeotia
467 3347 630 3442 praesidia
658 3346 741 3431 regis
774 3348 967 3431 depulisset,
999 3347 1103 3411 omnis
1133 3348 1240 3430 copias
1269 3371 1335 3412 uno
1370 3349 1456 3432 apud

308 3453 534 3530 Chaeroniam,
551 3443 637 3536 apud
644 3452 871 3517 Orchomenon
879 3454 979 3516 altero
989 3454 1075 3517 bello
1085 3454 1268 3536 dissipauit,
1286 3455 1458 3537 statimque

307 3745 322 3792 2
335 3740 475 3810 bithynico
487 3750 512 3790 N
522 3739 531 3807 11
544 3740 560 3788 4
573 3737 707 3806 fraglabat
717 3750 742 3790 N
753 3738 761 3808 11
775 3743 790 3790 5
804 3739 911 3793 ciuibus
923 3752 955 3805 Β,
976 3740 1103 3794 ciuilibus
1121 3745 1232 3798 2111111111
1250 3744 1259 3812 11
1279 3741 1458 3808 destringere-

306 3842 367 3876 mur
380 3824 404 3888 b,
419 3816 606 3890 disiungdinur
616 3833 639 3873 N
651 3822 660 3892 11
674 3821 780 3892 imperii
791 3823 864 3876 latus
876 3836 901 3876 Ν
911 3825 920 3894 11
933 3829 949 3878 6
962 3826 1057 3895 procul
1068 3837 1096 3890 Β,
1111 3826 1239 3894 proculus
1252 3830 1358 3877 2111111111
1368 3824 1377 3893 11
1390 3823 1459 3893 sylla

305 3921 350 3961 ΒΝ
360 3909 369 3978 11
383 3909 398 3960 8
410 3908 481 3961 lasso
493 3919 512 3960 Β
524 3907 533 3976 11
546 3905 672 3959 subditus
683 3919 702 3958 Β
721 3907 730 3976 11
750 3910 765 3960 9
778 3908 823 3960 uel
837 3908 900 3961 utili
917 3910 1027 3979 specula
1037 3922 1071 3973 Β,
1093 3909 1181 3962 ueluti
1199 3908 1353 3978 spectacula
1367 3919 1393 3960 Ν
1403 3909 1412 3977 11
1428 3910 1459 3958 11)

305 3991 457 4063 bythiniam
468 4003 488 4043 Β
500 3990 509 4060 11
526 3994 555 4043 13
568 3997 600 4043 ut
614 3991 763 4061 11111111Ν11
778 3994 978 4047 llromaniaeB
991 3994 1001 4065 11
1016 3998 1046 4046 11
1059 3993 1204 4063 aperibats
1217 3994 1225 4063 11
1241 3997 1272 4045 18
1285 3992 1455 4061 1111111111Ν11

306 4080 336 4129 21
352 4077 420 4147 sylla
430 4088 475 4128 ΒΝ
485 4075 494 4146 11
508 4078 538 4127 22
552 4075 645 4128 eadem
657 4076 814 4145 Haaptius:
834 4078 950 4146 quadam
961 4091 1006 4131 ΒΝ
1016 4079 1025 4150 11
1037 4079 1205 4149 primamque
1220 4091 1240 4132 Β
1253 4079 1262 4147 11
1275 4072 1403 4132 subrutis
1415 4088 1435 4128 Β
1447 4077 1456 4146 11

306 4165 338 4214 25
351 4168 431 4230 portu
437 4173 469 4224 N,
486 4166 546 4213 tunc
558 4160 649 4212 statim
661 4160 799 4230 subiuuqa't
803 4166 881 4230 1166,
894 4165 925 4214 16
938 4163 1038 4216 colchis
1050 4171 1130 4216 tenus
1140 4185 1146 4225 ς
1156 4169 1250 4231 postea
1261 4162 1337 4214 addit
1344 4179 1411 4229 quae
1418 4160 1460 4213 lu'c

305 4246 399 4298 desunt
414 4264 437 4314 p
455 4249 497 4308 68,
515 4251 530 4298 5
549 4246 558 4316 1
577 4263 623 4299 sex
643 4263 750 4316 quoquc
763 4249 797 4302 let
814 4245 932 4314 amplius
949 4247 1033 4300 muris
1049 4254 1193 4316 postquam
1212 4260 1238 4300 N
1255 4248 1264 4316 11
1283 4251 1316 4301 26
1334 4245 1461 4315 ingratis·

305 4331 386 4383 simos
410 4329 550 4382 hominum
569 4337 599 4384 ut
619 4330 677 4400 ipse
690 4329 761 4382 dixit
779 4329 807 4381 in
825 4330 955 4383 honorem
975 4338 1064 4384 tamen
1083 4339 1252 4385 mortuorum
1263 4343 1289 4384 N
1299 4331 1308 4401 11
1322 4335 1353 4385 21
1370 4333 1461 4384 doma·

304 4415 346 4467 uit
356 4427 382 4466 N
391 4414 401 4485 11
414 4417 446 4468 28
457 4413 550 4467 boetia
560 4427 580 4468 Β
592 4417 601 4484 11
615 4413 764 4484 depulisset
776 4431 810 4476 ς.·
824 4414 981 4484 dispulisset
991 4429 1019 4481 Β,
1035 4416 1218 4486 discipulisset
1228 4429 1254 4470 N
1265 4418 1273 4487 11
