3300 5084
557 355 705 398 retroue
721 354 746 408 1,
765 344 814 396 23:
827 348 859 398 24
878 336 931 420 [11,
949 351 975 398 7.
995 337 1036 419 8].
1191 425 1193 430 ³
1340 339 1381 398 43

226 516 297 568 turn
311 502 463 578 reddidit,
480 513 518 566 ut
532 503 658 586 legibus
674 505 800 570 uiueret
815 504 883 573 suis
898 514 931 566 ct
947 504 1035 568 auita
1046 505 1194 568 libertate
1209 506 1377 570 frueretur.
1461 521 1468 538 ⁸

226 609 452 692 quae'gaudia,
471 632 552 692 quae
563 609 807 674 uociferationes
819 610 962 685 fitenmt,
980 632 1054 673 cum
1069 611 1131 673 hoc
1145 611 1226 674 forte
1238 613 1380 678 Nemeae

224 715 258 777 in
286 716 733 798 theatro-quinquennalibus
759 715 845 780 ludis
866 701 892 778 ¹a
916 737 1073 798 praecone
1098 717 1279 780 caneretur!
1317 733 1380 799 quo

224 831 386 886 certauere
402 822 533 904 plausu!
559 821 637 905 quid
658 821 773 884 florum
784 821 819 884 in
835 820 1000 893 consulem
1015 822 1241 904 profuderunt!
1274 833 1307 886 ct
1321 822 1379 886 ite-

186 939 201 988 5
223 910 295 990 rum
320 927 502 1010 iterumque
522 919 712 1010 praeconem
732 936 875 1009 repetere
895 948 1007 989 uocem
1029 927 1120 992 illam
1140 927 1295 994 iubebant
1317 951 1381 1010 qua

225 1031 355 1096 libertas
369 1033 513 1096 Achaiae
526 1032 807 1116 pronuntiabatur,
819 1051 884 1094 nec
898 1031 991 1095 aliter
1005 1031 1063 1095 illa
1075 1033 1238 1098 consulari
1251 1044 1378 1098 senten·

191 1202 194 1210 ,
225 1136 270 1200 tia
285 1160 382 1220 quam
396 1139 651 1204 modulatissimo
665 1121 773 1226 aliquo
790 1137 943 1201 tibiarum
964 1146 1021 1200 aut
1040 1137 1156 1204 fidium
1177 1149 1275 1204 cantu
1295 1139 1378 1204 frue-

224 1243 353 1308 bantur.

223 1534 225 1542 .
287 1485 444 1592 XXIIII.
469 1489 654 1556 BELLVM
671 1488 908 1554 SYRIAOVM
922 1488 1061 1552 REGIS
1077 1483 1317 1556 ANTIOCHI.

172 1683 204 1732 10
225 1674 449 1738 Macedoniam
463 1675 543 1738 Asia
557 1676 666 1738 statim
681 1685 713 1738 et
728 1697 836 1757 regem
850 1673 1040 1756 Philippum
1054 1671 1239 1736 Antiochus
1251 1675 1377 1758 excepit
1389 1689 1428 1745 11,
1443 1671 1463 1731 8

161 1803 163 1808 ³
224 1781 363 1860 quodam
376 1802 465 1856 casu,
481 1781 574 1863 quasi
580 1779 785 1842 deindustria
791 1779 837 1842 sic
849 1780 1090 1861 adgubernante
1100 1779 1378 1861 fortunautquem

225 1886 413 1947 admodum
428 1887 467 1946 ab
482 1883 591 1946 Africa
605 1885 641 1946 in
656 1884 832 1960 Achaiam,
857 1885 902 1947 sic
924 1885 963 1946 ab
978 1881 1103 1945 Achaia
1116 1882 1152 1944 in
1165 1883 1279 1946 Asiam
1293 1884 1378 1947 ultro

135 1999 139 2002 ’
225 2013 259 2053 se
274 1990 520 2072 suggerentibus
536 1990 641 2054 causis
656 1990 827 2073 imperium
847 1991 1049 2072 procederet,
1072 1998 1106 2050 ct
1125 2010 1204 2050 cum
1221 1979 1378 2052 terrarum

225 2095 309 2157 orbis
325 2094 391 2158 situ
405 2095 474 2178 ipse
490 2097 567 2159 ordo
581 2096 790 2181 uictoriarum
805 2081 985 2178 naiiigaret.
1009 2118 1076 2158 non
1091 2095 1180 2158 aliud
1195 2091 1376 2159 formidoloss

173 2213 209 2290 15Ι
224 2199 290 2264 sius
306 2201 391 2281 fama
405 2202 527 2264 bellum
537 2200 622 2276 'fuit3
646 2201 765 2286 quippe
779 2225 855 2266 cum
870 2205 984 2265 Persas
1000 2212 1033 2264 et
1047 2201 1219 2278 orientem,
1244 2202 1377 2264 Xerxen

224 2307 480 2392 adqueDarium
496 2307 685 2392 cogitarent,
704 2311 832 2390 quaudo
847 2308 982 2391 perfossi
996 2307 1080 2369 inuii
1093 2317 1231 2382 montes,
1248 2308 1376 2387 quando

224 2411 305 2474 uelis
321 2423 468 2496 opertum
481 2434 569 2475 mare
583 2412 798 2476 nuntiaretur.
825 2415 866 2476 ad
886 2414 947 2476 hcc
962 2413 1114 2474 caelestes
1128 2411 1236 2473 minae
1251 2409 1375 2472 territa-

222 2518 319 2592 bant,
343 2539 418 2579 cum
440 2539 552 2580 umore
573 2517 727 2597 continuo
750 2519 916 2581 Cumanus
935 2517 1054 2600 Apollo
1069 2518 1209 2578 sudaret.
1245 2516 1301 2577 scd
1323 2515 1377 2576 hic

222 2621 363 2684 fauentis
378 2621 475 2684 Asiae
490 2643 566 2684 suae
587 2621 731 2684 numinis
753 2622 850 2685 timor
870 2632 949 2685 erat.
979 2644 1040 2684 ncc
1060 2643 1137 2684 sane
1160 2619 1239 2682 uiris
1262 2619 1376 2702 opibus

170 2739 203 2787 20
224 2726 384 2809 ornusque
400 2726 572 2808 quicquam
587 2726 746 2809 copiosius
769 2728 880 2811 Syria;
914 2730 969 2791 sed
989 2728 1026 2789 in
1046 2748 1161 2790 manus
1183 2736 1250 2788 tam
1264 2725 1377 2808 ignaui

222 2831 306 2915 regis
321 2831 478 2895 inciderat
493 2829 628 2895 ut‘nihil
643 2833 790 2897 fueritin
804 2834 967 2898 Antiocho
985 2832 1158 2916 speciosius
1176 2853 1274 2915 quam
1291 2833 1377 2913 quod

223 2959 242 2999 a
257 2937 418 3012 Romanis·
429 2937 535 3001 uictus
553 2948 611 3001 est.
637 2939 783 3021 inpulere
803 2960 913 3023 regem
927 2940 962 3001 in
976 2939 1011 3002 id
1025 2924 1148 3002 bellum
1162 2938 1253 3000 illinc
1268 2936 1376 3000 Thoas

222 3043 367 3109 Aetoliae
383 3031 544 3129 princepe,
561 3035 788 3110 inhonoratam
800 3048 887 3129 apud
898 3048 1063 3108 Romanos
1074 3065 1210 3127 querens
1223 3045 1376 3106 aduersus
1471 3033 1476 3043 ’

223 3149 416 3214 Macedonas
431 3149 567 3212 militiae
583 3173 659 3214 suae
676 3153 873 3227 societatem,
890 3151 967 3214 hinc
978 3149 1134 3226 Annibal,
1151 3148 1257 3231 quiin
1267 3148 1378 3212 Africa

170 3265 202 3314 25
223 3252 341 3330 uictus,
358 3253 513 3337 profugus
529 3264 561 3316 et
575 3255 667 3337 pacis.
678 3257 840 3340 inpatiens
856 3257 982 3320 hostem
1002 3246 1122 3338 populo
1145 3257 1293 3317 Romano
1308 3263 1377 3317 tcto

223 3359 297 3421 orbe
311 3359 504 3440 quaerebat.
529 3368 562 3419 et
584 3363 670 3442 quod
684 3361 767 3425 illud
781 3362 895 3425 fuisset
917 3362 1108 3445 periculum,
1134 3361 1162 3423 si
1177 3383 1211 3423 se
1233 3359 1376 3422 consiliis

222 3463 291 3526 eius
306 3485 363 3526 rex
379 3462 580 3537 tradidisset,
605 3464 639 3526 id
660 3453 709 3528 est
731 3466 759 3529 si
779 3466 877 3530 Asiae
900 3467 1024 3529 uiribus
1046 3488 1125 3528 usus
1146 3465 1261 3528 fuisset
1280 3464 1377 3528 miser

221 3567 385 3631 Annibal?
408 3569 535 3630 sed‘rex
551 3569 616 3631 suis
633 3569 746 3652 opibus
762 3580 794 3632 et
808 3570 940 3634 nomine
954 3571 1042 3655 regio
1053 3571 1153 3633 fretus
1169 3571 1247 3633 satis
1263 3565 1378 3633 habuit

220 3671 343 3738 bellum
358 3695 498 3736 mouere.
514 3675 644 3757 Europa
659 3675 728 3740 iam
739 3675 837 3738 dubio
852 3677 964 3759 procul
979 3677 1048 3740 iure
1062 3676 1141 3740 belli
1156 3678 1197 3740 ad
1212 3679 1377 3765 Romanos

222 3915 236 3964 3
257 3916 399 3964 caneretur
414 3921 434 3963 Β
447 3909 455 3980 ll
469 3913 485 3962 4
502 3910 614 3980 plaussu
633 3921 659 3962 Ν
669 3910 677 3980 ll
690 3910 852 3980 profuerunt
869 3924 889 3964 Β
901 3911 910 3981 ll
923 3917 938 3964 5
959 3920 1081 3982 repetere
1097 3913 1172 3966 illam
1190 3931 1285 3966 uocem
1303 3927 1329 3966 Ν
1339 3914 1348 3983 ll
1361 3919 1375 3966 1

221 3995 304 4049 fidum
318 4001 428 4049 cantum
439 3995 867 4067 Νῐ19ΑΝΤ10οΚῙΝΙ1ΑεὶΒαᾱά
882 3998 1028 4050 Halmius:
1047 4017 1089 4050 orn
1106 4011 1150 4051 ΒΝ
1160 3999 1169 4068 Η
1185 4002 1216 4052 10
1234 3999 1378 4051 anthiocus

219 4091 238 4130 Β
251 4079 259 4148 I
275 4084 303 4131 11
319 4079 353 4133 de
364 4099 406 4133 om
418 4091 442 4133 Ν
454 4081 462 4152 ll
476 4088 524 4135 aut
534 4093 560 4135 Ν
570 4080 579 4151 Η
594 4085 625 4134 12
638 4081 667 4134 in
680 4099 807 4152 europam
827 4081 866 4134 sic
884 4083 920 4134 ab
932 4099 1035 4152 europa
1051 4095 1077 4135 Ν
1087 4084 1096 4153 ll
1112 4088 1143 4135 14
1160 4084 1229 4137 situs
1241 4096 1260 4136 Β
1282 4084 1290 4153 ll
1310 4083 1379 4135 aliut

220 4175 245 4215 Ν
262 4164 271 4234 ΙΙ
294 4169 323 4216 15
337 4183 434 4219 xersen
445 4179 465 4219 Β
477 4165 486 4235 ll
502 4169 532 4217 11
546 4173 578 4218 ut
589 4167 641 4222 hoc
653 4179 677 4220 Ν
688 4168 697 4238 ll
711 4165 843 4220 lenibant
853 4177 873 4221 Β
885 4167 895 4236 l
909 4169 941 4219 18
960 4180 1118 4220 commanus
1129 4179 1148 4220 Β
1161 4169 1170 4238 ll
1183 4168 1309 4224 suaderet
1320 4179 1345 4219 Ν
1356 4169 1365 4235 ΙΙ

222 4251 253 4299 19
266 4249 323 4301 cine
335 4262 367 4302 Ν’
376 4250 385 4320 {l
405 4253 438 4303 10
458 4251 538 4324 armis
547 4252 586 4304 id
599 4269 679 4322 quam
690 4264 716 4305 Ν
727 4251 735 4323 ll
748 4251 873 4305 manibus
892 4264 917 4305 Ν
927 4251 937 4322 ΙΙ
950 4255 980 4304 21
1000 4257 1068 4321 quot
1084 4265 1103 4304 Β
1115 4252 1125 4322 l
1137 4256 1171 4306 22
1189 4253 1291 4305 bellum
1303 4251 1377 4302 mino

220 4330 297 4384 thcas
308 4345 327 4384 Β
340 4333 349 4402 Η
363 4339 395 4387 26
410 4336 540 4404 querebat
558 4349 577 4390 Β
590 4337 598 4406 ΙΙ
613 4341 644 4390 27
665 4337 763 4391 fuisset
780 4337 925 4406 imperator
945 4337 1065 4390 Annibal
1081 4337 1220 4406 Hauptiua
1234 4337 1242 4404 l
1256 4339 1289 4387 28
1302 4334 1378 4387 abuit

219 4427 238 4466 Β
258 4415 266 4483 Η
284 4419 316 4468 29
330 4418 467 4486 europiam
479 4431 505 4472 Ν
515 4419 523 4490 ll
536 4419 601 4473 belli
613 4439 655 4474 om
666 4433 692 4490 Ν
703 4421 711 4490 ΙΙ
758 4431 765 4440 ’
