3300 5084
527 409 676 454 nrrroua
691 363 845 465 uiro-42
864 390 931 475 [111,
949 390 1051 474 6-8].
1329 380 1370 453 69

215 561 325 642 gauit‚
349 562 523 642 eodemque
539 568 679 640 tempore
695 569 727 621 et
747 580 843 622 usum
857 559 953 622 maris
968 559 1107 621 nauibus
1125 559 1325 641 recuperauit
1339 571 1372 623 et

219 675 318 727 terrae
333 665 480 728 homines
496 654 569 728 subs
584 664 741 739 reddidit„
758 664 836 747 quid
856 665 954 749 prius,
965 665 1000 726 in
1014 665 1075 726 hac
1089 663 1202 726 mirere
1216 664 1370 728 uictoria?

105 835 108 838 .
217 767 442 838 uelocitatem?
469 769 735 851 quadragensimo
758 769 809 831 die
831 779 922 852 parta
944 773 1014 832 est.'
1039 793 1081 832 an
1100 768 1307 831 felicitatem?
1329 791 1371 832 ne

216 882 282 937 un'a
302 875 432 958 quidem
453 875 547 937 nauis
570 874 686 937 amissa
707 884 765 937 est.
792 896 841 946 an,
856 896 932 936 uero
947 873 1214 956 perpetuitatem?
1231 869 1370 956 amplius

179 980 335 1061 5piratae
350 1002 416 1042 non
431 977 571 1042 fuerunt.
616 1003 618 1007 ·
1313 972 1316 974 ’

482 1167 600 1230 —XLL
624 1165 809 1230 BELLVM
825 1166 1074 1231 CRETIOVM.
1108 1179 1115 1225 ,·

217 1316 380 1382 Creticum
393 1319 534 1410 bellum,
558 1319 585 1383 si
600 1340 676 1382 uera
690 1319 860 1408 uolumus,
881 1319 951 1404 [nos
966 1318 1112 1402 fecimus]
1136 1313 1203 1381 sola
1217 1317 1370 1380 uincendi
1386 1337 1441 1392 111,
1459 1319 1477 1376 7

217 1424 359 1487 nobilem
371 1422 511 1485 insulam
523 1424 681 1506 cupiditas
690 1425 777 1487 fecit.
792 1424 909 1487 fauisse
916 1423 1101 1487 Mithridati
1107 1423 1278 1485 uidebatur
1285 1447 1295 1498 ;
1310 1423 1371 1486 hoc

217 1531 338 1611 placuit
355 1529 449 1592 armis
470 1528 644 1592 uindicare.
680 1530 801 1612 primus
828 1530 949 1593 inuasit
970 1529 1110 1592 insulam
1125 1531 1254 1591 Marcus
1268 1530 1370 1591 Anto-

166 1646 199 1695 10
219 1635 313 1712 nius,
341 1658 415 1698 curn
429 1636 555 1718 ingenti
578 1635 708 1718 quidem
722 1635 875 1698 uictoriae
896 1657 951 1717 spe
967 1645 1062 1717 atque
1076 1635 1212 1711 fiducia,
1241 1637 1319 1696 adeo
1333 1644 1371 1696 ut

219 1741 318 1823 pluris
334 1753 463 1805 catenas
478 1740 512 1802 in
524 1741 663 1803 nauibus
679 1762 776 1823 quam
785 1761 879 1803 ,arma
892 1750 1044 1822 portaret.
1070 1740 1159 1804 dedit
1174 1740 1281 1822 itaque
1296 1761 1370 1821 poe-

218 1847 276 1908 nas
291 1847 469 1909 uecordiae.
488 1867 565 1906 nam
576 1845 742 1927 plerasque
754 1866 855 1907 naues
865 1844 1035 1925 intercepit
1049 1844 1163 1919 hostis,
1180 1844 1371 1927 captiuaque

219 1973 348 2032 corpora
362 1952 534 2034 religantes
549 1949 631 2012 uelis
647 1971 683 2010 ac
698 1949 829 2012 funibus
845 1952 1049 2032 suspendere,
1068 1972 1104 2011 ac
1116 1949 1161 2012 sic
1172 1949 1371 2012 uelificantes

219 2055 488 2136 triumphantium
502 2056 537 2117 in
551 2056 683 2117 modum
700 2055 808 2118 Cretes
823 2055 967 2136 portibus
990 2055 1056 2118 suis
1079 2055 1368 2138 adremigauerunt.

168 2171 199 2222 15
220 2160 373 2224 Metellus
395 2160 510 2224 deinde
537 2171 640 2223 totam
668 2159 808 2223 insulam
834 2159 904 2242 igni
929 2161 1072 2242 ferroque
1084 2161 1264 2243 'populatus
1286 2159 1372 2223 intra
1459 2188 1462 2192 ·

220 2266 351 2328 castella
371 2277 403 2328 et
425 2266 519 2330 urbes
544 2265 685 2348 redegit,
716 2267 846 2330 Cnoson
872 2265 1091 2348 Eleythernan
1113 2277 1163 2342 et,
1191 2277 1229 2329 ut
1255 2267 1371 2329 Graeci

220 2372 322 2434 dicere
350 2372 465 2448 solent,
492 2372 623 2435 urbium
647 2381 783 2433 matrem
809 2372 996 2452 Cydoneam
1001 2397 1011 2446 3
1049 2359 1190 2454 adeoque
1216 2394 1310 2434 saeue
1336 2373 1371 2434 in

220 2478 364 2560 captiuos
380 2479 656 2541 consulebatur'ut
671 2498 797 2537 ueneno
813 2497 846 2537 se
861 2474 1004 2558 plerique
1019 2479 1229 2552 conficerent,
1247 2476 1303 2538 alii
1318 2479 1371 2538 de-

221 2582 376 2645 ditionem
391 2605 482 2646 suam
498 2585 538 2645 ad
560 2581 752 2662 Pompeium
776 2580 941 2642 absentem
961 2580 1137 2643 mitterent.
1169 2591 1201 2643 et
1223 2602 1298 2643 oum
1318 2582 1372 2644 ille

168 2698 200 2746 20
220 2709 269 2750 res
285 2687 320 2748 in
333 2687 411 2750 Asia
426 2709 557 2770 gerens,
581 2708 618 2748 eo
641 2707 765 2768 quoque
780 2685 976 2766 praefectum
990 2687 1129 2749 misisset
1142 2687 1323 2751 Antonium
1337 2679 1374 2749 in

222 2792 362 2855 alienam
382 2792 599 2876 prouinciam,
629 2791 745 2853 inritus
771 2789 852 2866 fuit,
880 2812 980 2873 eoque
1001 2775 1147 2854 infestior
1167 2793 1318 2855 Metellus
1339 2792 1375 2854 in

220 2897 328 2960 hostes
343 2898 393 2961 ius
408 2897 539 2960 uictoris
554 2896 714 2971 exercuit,
737 2895 895 2978 uictisque
918 2898 1079 2960 Lasthene
1095 2908 1127 2960 et
1142 2900 1286 2974 Panare,
1310 2900 1373 2982 Gy-

220 3006 341 3066 doneae
357 3003 509 3078 ducibus,
526 3002 630 3065 uictor
644 3001 749 3065 rediit.
774 3023 835 3065 neo
856 3002 1028 3085 quicquam
1050 3012 1159 3065 tamen
1181 3004 1319 3086 amplius
1334 3006 1374 3066 de

178 3157 179 3160 Β
220 3120 288 3172 tam
302 3111 424 3174 famosa
438 3108 573 3172 uictoria
588 3131 684 3191 quarn
699 3129 877 3192 cognomen
894 3108 1057 3173 Creticum
1071 3109 1256 3192 reportauit.

169 3309 202 3357 25
468 3298 580 3359 XLII.
609 3295 794 3361 BELLVM
810 3296 1120 3360 BALEARICVM.

224 3449 391 3514 Quatenus
417 3447 543 3509 Metelli
564 3447 766 3510 Macedonici
786 3449 900 3510 domus
924 3446 1048 3539 bellicis
1068 3447 1294 3529 agnominibus
1321 3451 1374 3510 ad-
1391 3463 1445 3518 111,
1461 3418 1489 3509 8

187 3635 190 3641 Δ
223 3562 371 3616 sueuerat
379 3598 391 3648 ,¹
414 3551 513 3613 altero
529 3573 569 3613 ex
582 3551 691 3614 liberis
707 3551 774 3616 eius
794 3551 920 3616 Cretico
931 3552 1016 3614 sacto
1028 3573 1117 3614 mora
1127 3575 1194 3615 non
1208 3553 1283 3629 fuit,
1297 3553 1376 3636 quin

224 3775 239 3824 2
253 3789 283 3828 ac
294 3784 314 3824 Β
327 3771 336 3841 ll
351 3774 365 3823 3
379 3771 452 3840 quod
465 3770 689 3840 quadragensimo
701 3783 726 3824 N
737 3771 745 3842 11
759 3771 965 3841 quadragesimo
976 3783 996 3825 Β
1009 3769 1017 3842 fl
1030 3779 1123 3842 parata
1134 3784 1153 3824 Β
1166 3772 1175 3843 ll
1188 3774 1262 3843 quod
1273 3791 1308 3826 ne
1319 3787 1345 3826 N
1355 3774 1364 3844 Ι]

222 3857 237 3908 4
257 3857 330 3926 quod
349 3856 464 3926 amplius
481 3867 525 3908 BN
542 3857 551 3927 11
570 3861 585 3909 6
609 3869 674 3910 XLII
698 3869 717 3909 Β
734 3857 744 3928 11
765 3861 778 3908 7
798 3857 925 3910 uolumus
942 3868 1045 3908 noscere
1062 3875 1111 3910 nos
1129 3857 1173 3928 NH
1193 3862 1208 3911 8
1227 3858 1377 3928 cupiditate

223 3933 323 3993 fauisse
335 3953 360 3994 N
370 3941 379 4011 ΙΙ
395 3944 426 3994 10
444 3940 558 3994 fiduciae
575 3941 616 4011 Β1Ι
631 3946 659 3994 ll
675 3943 766 4012 plures
781 3954 801 3994 Β
814 3940 823 4012 ll
839 3945 869 3994 12
883 3943 1041 3996 uaecordiae
1053 3954 1072 3994 Β
1085 3943 1094 4011 ss
1106 3942 1272 4014 intercepere
1284 3943 1376 3996 hostes

223 4037 248 4076 N
259 4025 267 4094 11
282 4026 312 4076 13
332 4025 446 4096 religata
464 4039 489 4078 N
500 4027 509 4096 [Ι
527 4027 680 4096 pependere
697 4038 722 4080 N
732 4026 741 4096 ΙΙ
755 4044 785 4079 ac
809 4026 832 4079 si
855 4040 875 4081 Β
887 4027 897 4097 u
912 4032 943 4080 16
963 4035 990 4080 et
1010 4044 1114 4098 gnosen
1133 4039 1159 4080 N
1168 4027 1177 4098 11
1190 4029 1377 4087 Eleuthernan

223 4109 318 4176 saraim
329 4110 449 4162 Veretum
461 4117 582 4163 secutus:
596 4118 647 4164 aet
659 4111 801 4180 erythrean
812 4124 840 4175 Β,
855 4118 883 4164 et
896 4113 1049 4182 erythream
1060 4125 1086 4164 N
1095 4112 1105 4180 ΙΙ
1120 4116 1150 4166 11
1164 4121 1250 4166 mater
1260 4125 1280 4165 Β
1293 4113 1302 4182 ΙΙ
1315 4114 1377 4165 ade-

226 4210 295 4262 oqua
308 4211 404 4247 saeuae
415 4209 435 4248 Β
447 4196 456 4266 ll
472 4200 502 4248 18
515 4196 736 4260 consolebaturN,
751 4197 975 4250 consulabaturN
986 4198 994 4267 ΙΙ
1008 4201 1041 4250 20
1050 4215 1082 4249 eo
1090 4215 1198 4266 quoque
1204 4185 1344 4250 deleumm
1357 4195 1366 4264 ΙΙ

226 4278 256 4327 21
265 4277 380 4331 alienam
388 4281 555 4349 prouinciam
563 4281 774 4335 Mommsenius:
788 4283 852 4336 alim
861 4282 1063 4358 propincum-N,
1078 4282 1166 4355 aliena
1177 4281 1346 4352 prouinciaN
1357 4279 1366 4348 ΙΙ

225 4363 258 4412 22
271 4363 421 4431 cydonaeae
433 4377 466 4427 Β,
481 4365 601 4434 cydonae
613 4378 638 4419 N
649 4365 657 4435 11
671 4369 702 4418 23
716 4366 787 4419 redit
798 4379 824 4419 N
834 4367 843 4435 11
856 4367 971 4437 amplius
989 4374 1080 4420 tamen
1091 4379 1117 4419 N
1126 4367 1135 4437 ΙΙ
1149 4371 1181 4419 25
1201 4378 1279 4420 XLIII
1292 4377 1311 4416 Β
1323 4363 1333 4432 fl
1346 4366 1377 4414 27

225 4447 415 4516 agnominibus
427 4448 523 4517 scripsi
530 4471 538 4500 :
551 4451 768 4504 bacnominibus
780 4465 807 4516 Β,
823 4451 979 4504 nominibus
991 4463 1016 4504 N
1026 4452 1035 4519 11
1073 4510 1077 4515 ,
