3300 5084
589 337 736 381 armona
751 338 776 394 1,
795 330 827 383 18
845 315 897 403 [11,
915 317 956 402 2].
976 330 978 336 ’
1305 319 1342 382 31

92 521 95 536 .
155 479 179 540 Ι
195 479 259 542 nisi
273 481 452 561 paruisset,
474 482 577 545 securi
592 485 742 548 destricta
756 485 927 568 imperator
940 497 1030 550 metu
1043 488 1154 553 mortis
1168 491 1344 574 nauigandi

195 583 271 648 fecit
296 585 484 668 audaciam.¹
508 609 584 650 mox
611 589 726 652 deinde
753 592 861 654 uentis
881 591 1039 675 remisque
1059 602 1263 676 properatum
1283 606 1342 672 est,
1378 662 1381 667 ,

197 699 371 773 tantusque
392 702 491 754 terror
510 692 626 755 hostici
648 695 806 758 aduentus
831 697 948 763 Poenis
969 697 1031 760 fuit
1053 699 1228 780 utrapertis
1243 721 1344 782 paene

197 797 296 882 portis
312 800 473 882 Carthago
488 810 662 882 caperetur.
687 800 885 883 prooemium
906 801 984 863 belli
1004 802 1067 865 fuit
1082 802 1196 865 ciuitas
1211 804 1341 886 Ch'pca3
1394 869 1399 873 ,

163 916 178 964 5
196 904 300 986 prima
315 904 401 966 enim
423 927 442 966 a
463 905 587 969 Punico
608 905 700 968 litore
723 906 814 989 quasi
834 929 891 969 arx
910 916 955 980 et,
966 907 1095 988 specula
1115 908 1281 988 procurrit.
1311 921 1344 972 et

198 1009 278 1071 haec
292 1019 325 1071 ct
339 1019 482 1071 trecenta
496 1009 633 1092 amplius
649 1011 780 1074 castella
794 1021 921 1074 uastata
935 1020 1022 1074 sunt.
1039 1031 1100 1084 nec
1115 1033 1189 1074 cum
1203 1013 1342 1076 bomini·

198 1115 276 1190 bus,
304 1116 360 1177 sed
385 1135 459 1176 cum
479 1115 629 1179 monstris
651 1139 776 1200 quoque
796 1117 985 1180 dimicatum
1006 1126 1072 1192 est,
1101 1139 1175 1180 cum
1196 1118 1288 1200 quasi
1307 1118 1344 1180 in

128 1237 130 1244 ’
198 1219 377 1284 uindictam
390 1218 516 1285 Africae
531 1231 608 1287 nata
622 1221 720 1284 mirae
734 1222 967 1306 magnitudinis
989 1243 1118 1304 serpens
1139 1222 1344 1305 positaaput

199 1327 379 1406 Bagradam
400 1335 503 1387 castra
522 1326 699 1388 uexauerit.
737 1336 786 1389 set
805 1327 952 1390 omniurn
976 1326 1079 1389 ructor
1102 1327 1248 1408 Regulus
1269 1347 1344 1389 cum

149 1439 180 1489 10
201 1438 354 1491 terrorem
368 1429 508 1492 nominis
523 1429 574 1492 sui
588 1430 653 1492 late
675 1429 924 1494 circumtulisset
946 1451 1082 1512 cumque
1101 1452 1254 1512 magnam
1274 1430 1343 1493 uim

199 1532 378 1604 iuuentutis
391 1535 549 1616 ducesque
564 1534 649 1615 ipsos
666 1544 722 1597 aut
737 1535 903 1598 cecidisset
918 1546 974 1596 aut
990 1535 1125 1597 haberet
1139 1533 1175 1595 in
1188 1535 1341 1610 runculis,

200 1639 394 1720 classemque
409 1638 534 1720 ingenti
548 1639 665 1719 praeda
678 1647 830 1702 onustam
851 1648 883 1699 et
904 1637 1068 1719 triumpho
1087 1659 1220 1720 grauem
1241 1639 1276 1700 in
1291 1662 1343 1702 ur-

198 1743 272 1804 bem
285 1742 512 1824 praemisisset,
528 1742 594 1804 iam
608 1742 713 1824 ipsam
726 1740 804 1802 belli
820 1752 916 1822 caput
938 1742 1168 1824 Carthaginem
1187 1745 1344 1824 urguebat

199 1845 321 1908 obsidio
336 1845 477 1927 ipsisque
491 1845 590 1926 portis
605 1845 802 1908 inhaerebat.
827 1845 881 1906 hic
895 1845 1066 1926 paululum
1079 1845 1271 1908 circumacta
1280 1847 1344 1908 for-

147 1959 179 2008 15
200 1958 280 2010 tuna
305 1958 371 2023 est,
400 1958 528 2012 tantum
555 1959 593 2030 ut
617 1950 711 2030 plura
725 1959 832 2012 essent
852 1939 1018 2012 Romanae
1038 1949 1169 2013 uirtutis
1188 1949 1342 2031 insignia,

199 2051 291 2113 euius
305 2051 371 2114 fere
383 2052 579 2135 'magnitudo
600 2053 836 2116 calamitatibus
858 2054 1060 2136 adprobatur.
1084 2075 1163 2117 nam
1183 2054 1345 2116 conuersis

200 2158 240 2220 ad
255 2165 386 2221 externa
401 2157 521 2222 auxilia
534 2157 699 2234 hostibus,
724 2180 798 2221 cum
819 2158 1048 2240 Xanthippum
1067 2157 1133 2220 illis
1154 2160 1269 2220 ducem
1283 2158 1344 2219 La-

96 2332 98 2336 ,
199 2261 371 2322 cedaamon
384 2255 584 2336 misisset‚'a
603 2261 674 2324 uiro
695 2261 830 2324 militiae
851 2262 1043 2344 peritissimo
1064 2262 1226 2324 uincimur
1253 2262 1347 2324 foeda

200 2365 290 2426 clade
322 2365 541 2447 Romanisque
566 2389 628 2429 usu
653 2366 838 2449 incognita:
875 2367 971 2428 uiuus
996 2367 1032 2428 in
1056 2388 1173 2428 manus
1203 2365 1346 2428 hostium
1373 2383 1378 2390 ’

147 2479 180 2548 20
199 2468 292 2531 uenit
305 2469 496 2532 fortissimus
517 2469 699 2549 imperator.
725 2471 780 2531 sed
801 2469 858 2531 ille
878 2450 1008 2551 quidem
1021 2491 1079 2552 par
1092 2479 1202 2532 tantae
1217 2468 1345 2533 calami·

200 2572 262 2634 tati
279 2572 362 2646 fuit3
385 2595 463 2636 nam
487 2595 547 2634 nec
568 2572 693 2638 Punico
709 2593 838 2635 carcere
858 2572 1013 2634 infractus
1036 2581 1084 2635 est
1105 2594 1165 2634 nec
1186 2571 1346 2653 legatione

199 2686 356 2757 suscepta.
380 2673 499 2758 quippe
522 2675 648 2739 diuersa
670 2695 765 2758 quam
786 2676 887 2739 hostis
908 2678 1116 2738 mandauerat
1138 2676 1281 2752 censuit,
1303 2697 1346 2738 ne

198 2801 263 2862 pax
276 2783 385 2855 fieret,
408 2801 450 2842 ne
464 2777 889 2862 commutatio'captiuorum
902 2779 1105 2862 reciperetur.
1130 2782 1187 2843 sed
1207 2801 1268 2844 nec
1289 2779 1346 2841 illo

176 2869 178 2874 ’
198 2883 381 2947 uoluntario
401 2886 442 2948 ad
462 2883 563 2947 hostis
586 2904 659 2947 suos
680 2885 786 2948 reditu
806 2905 867 2946 nec
894 2883 1010 2947 ultimo
1028 2884 1101 2947 siue
1135 2884 1267 2948 carceris
1290 2906 1347 2948 seu

145 3001 178 3050 25
199 2988 301 3051 crucis
317 2988 472 3070 supplicio
488 2988 665 3050 deformata
691 2988 841 3051 maiestas
847 3013 857 3063 3
882 2988 982 3050 immo
1002 2989 1053 3051 his
1077 2988 1225 3051 omnibus
1246 2986 1346 3050 admi·

196 3093 327 3156 rabilior
342 3091 419 3173 quid
434 3092 523 3154 aliud
537 3113 635 3174 quam
648 3092 752 3155 uictor
767 3091 996 3173 deuictonbus
1012 3102 1107 3174 atque
1128 3092 1245 3166 etiam,
1272 3091 1348 3172 quia

202 3196 363 3276 Carthago
378 3217 444 3257 non
458 3206 613 3270 cesserat,
630 3198 670 3258 de
684 3196 814 3258 fortuna
828 3195 1063 3278 triumphauit?
1084 3196 1223 3279 populus
1239 3205 1348 3256 autem

199 3283 366 3362 Romanus
391 3300 494 3361 multo
522 3299 622 3362 acrior
642 3299 859 3380 intentiorque
879 3319 937 3380 pro
964 3299 1087 3362 ultione
1110 3298 1231 3381 Reguli
1252 3319 1348 3381 quam

201 3425 258 3484 pro
273 3401 408 3466 uictoria
421 3403 495 3464 fuit.
1410 3397 1413 3404 ’

204 3604 214 3652 1
230 3601 383 3670 paruissent
393 3612 412 3652 B
424 3601 433 3670 Η
446 3601 590 3670 imperator
602 3620 655 3672 quo
667 3610 741 3656 metu
752 3615 772 3654 B
784 3603 793 3672 l}
811 3603 967 3672 nauigando
977 3615 997 3654 s
1010 3603 1018 3672 ΙΙ
1031 3607 1047 3654 2
1060 3603 1157 3654 denide
1168 3616 1193 3654 N
1204 3603 1212 3672 ΙΙ
1225 3607 1241 3655 4
1253 3621 1348 3671 prooe-

200 3686 284 3738 mium
296 3685 362 3737 belli
373 3684 483 3752 ambri.-
495 3685 581 3754 prima
592 3684 799 3754 premium'belli
815 3698 863 3749 BI,
882 3687 969 3755 prima
984 3686 1049 3738 belli
1067 3687 1215 3754 praemium
1232 3699 1258 3738 N
1274 3687 1283 3754 ΙΙ
1302 3686 1348 3738 cli-

199 3787 277 3841 peam
288 3781 316 3833 Β,
331 3769 424 3839 clypea
434 3768 463 3820 1¹⁴
474 3769 483 3838 Η
497 3773 512 3821 5
525 3785 582 3822 aros
594 3774 666 3831 etc,
685 3775 822 3822 arassetN
837 3770 847 3838 11
865 3773 880 3822 8
897 3776 978 3821 natus
997 3781 1013 3821 Ι
1028 3768 1038 3838 ΙΙ
1050 3769 1270 3837 tbrogadam'a‚
1289 3770 1349 3820 bra-

201 3853 295 3906 cadam
305 3853 341 3921 111
354 3858 466 3906 uexaret
476 3864 502 3904 N
512 3852 520 3921 Η
536 3855 566 3906 10
579 3860 707 3920 terrorem
718 3853 747 3904 in
759 3870 852 3906 omnes
870 3853 913 3905 sui
929 3864 955 3904 N
971 3852 982 3921 11
1002 3855 1030 3904 11
1053 3852 1193 3904 cecidisset
1203 3852 1260 3927 ‘edd
1275 3857 1348 3904 cett.-

202 3937 335 4006 coepisset
346 3948 393 4000 M,
415 3937 530 4005 cepisset
540 3948 566 3988 N
581 3936 589 4006 11
603 3939 642 3988 ’11
655 3936 721 3990 urbe
732 3949 752 3990 B
764 3937 773 4007 ll
789 3939 818 3988 13
832 3943 889 3989 tam
900 3948 919 3989 B
932 3936 941 4006 ll
962 3936 1021 4004 ipsa
1031 3947 1065 3998 Β,
1089 3935 1179 4004 ipsum
1189 3934 1221 3985 11'
1240 3933 1249 4002 d
1268 3939 1350 4002 caput

198 4021 294 4074 belliN
303 4021 312 4090 11
327 4023 358 4071 14
371 4019 554 4091 obsidionali!
566 4019 727 4090 paululel
742 4023 773 4072 17
780 4020 984 4088 santhippumN
995 4020 1006 4088 11
1020 4023 1051 4070 18
1058 4019 1258 4071 uincimurtum
1268 4016 1350 4068 foeda

200 4114 231 4166 Ν,
251 4103 362 4172 regulus
371 4097 463 4156 'uictus
476 4109 518 4156 est
529 4103 661 4172 foedaque
672 4103 708 4172 ΙΙΙ
723 4107 754 4156 19
767 4103 843 4157 clade
854 4102 965 4170 compa:
984 4102 1073 4154 clades
1085 4112 1143 4154 ΒΙΝ
1153 4101 1162 4169 {t
1175 4099 1285 4168 cognita
1295 4098 1337 4165 13.ss

202 4201 265 4236 nam
276 4185 379 4239 uiuusl
389 4186 398 4255 ΙΙ
411 4191 443 4239 10
452 4187 612 4240 calamitatis
622 4186 675 4239 JlN
685 4188 693 4256 Η
707 4191 742 4240 22·
751 4188 843 4240 hostes
854 4186 917 4255 ΒΝΗ
929 4185 1123 4237 mandauerant
1133 4194 1157 4235 N
1168 4182 1177 4252 ΙΙ
1191 4186 1224 4234 23
1235 4198 1299 4234 nec·
1318 4190 1347 4241 N,

202 4283 252 4318 nec
264 4267 299 4336 ΙΙΙ
312 4270 520 4323 commutatione
532 4281 557 4322 Ν
566 4271 575 4341 d
589 4275 622 4322 24
634 4265 726 4324 hostes
737 4283 776 4324 ΙΝ
786 4271 795 4340 d
807 4271 931 4334 redditus
941 4281 962 4321 Β
973 4269 983 4339 ΙΙ
996 4285 1100 4322 carcere
1107 4279 1146 4320 IN
1155 4266 1164 4335 ΙΙ
1177 4265 1235 4317 siue
1247 4260 1349 4328 suppli-

205 4351 246 4402 cio
258 4362 273 4402 1
284 4351 293 4418 ss
306 4354 338 4404 26
351 4351 465 4406 uictusN
475 4352 484 4420 d
497 4355 529 4404 28
542 4353 718 4423 infestiorque
730 4367 755 4405 N
765 4356 775 4422 ΙΙ
