3300 5084
291 365 397 427 XVIII
448 343 455 358 ’
778 379 976 424 enarrarre

292 555 332 596 ex
353 539 391 597 N
409 532 465 615 qui
491 540 576 592 recte
602 529 720 611 scripta
740 530 883 594 seruauit
904 528 1068 592 emendari
1090 539 1266 611 potuerunt
1273 553 1282 604 3
1313 529 1359 592 sic
1379 551 1455 612 quo-

293 661 355 722 que
377 661 442 700 non
463 656 567 720 pauca
587 644 710 698 restant
735 636 771 698 in
786 647 922 718 utroque
937 646 994 699 aut
1009 635 1121 716 eodem
1136 644 1193 696 aut
1214 634 1342 698 diuerso
1363 637 1459 698 modo

293 746 467 826 deprauata
494 761 574 823 qnae
604 740 787 804 coniectura
817 742 924 804 sanari
945 742 1074 805 debent.
1114 749 1209 821 atque
1232 763 1307 803 cum
1329 740 1365 802 in
1385 740 1457 803 uni·

293 869 423 912 uersum
437 853 475 911 N
485 849 581 928 longe
596 847 744 928 plurimis
760 847 839 910 locis
854 846 1024 909 lectionem
1037 867 1133 929 quam
1145 847 1352 927 deprauatam
1367 845 1458 908 inue-

294 954 344 1016 nit
359 964 478 1016 temere
493 951 747 1035 interpolauerit,
765 951 800 1014 id
816 955 902 1034 quod
923 952 1057 1036 quaeuis
1076 951 1197 1034 pagina
1211 952 1324 1013 docere
1338 961 1456 1032 potest,

294 1071 404 1122 tamen
417 1081 458 1121 ne
472 1066 502 1121 Β
516 1057 646 1139 quidem
661 1057 700 1118 ab
716 1056 874 1120 eiusmodi
888 1056 1189 1140 interpolationibus
1205 1054 1286 1118 liber
1296 1066 1355 1119 est.
1374 1059 1460 1139 quod

295 1165 390 1228 certis
406 1163 597 1248 quibusdam
613 1163 768 1246 exemplis
784 1163 1070 1226 demonstrandum
1083 1161 1228 1236 uidetur,
1246 1171 1284 1223 ut
1298 1161 1416 1224 codicis
1430 1169 1461 1223 B

295 1269 420 1334 indoles
436 1279 469 1332 et
481 1289 562 1352 quae
578 1266 608 1330 11
628 1289 702 1330 cum
720 1263 760 1333 'N
777 1279 809 1332 et
826 1268 961 1352 ‚utrique
981 1289 1057 1330 curn
1078 1258 1257 1348 antiquiore
1278 1267 1336 1330 illo
1351 1267 1459 1330 codice

295 1375 376 1439 ratio
390 1375 568 1439 intercedat
582 1373 757 1438 clarissime
772 1373 993 1458 perspiciatur.
1027 1384 1030 1392 '

329 1551 332 1561 ,
379 1481 426 1546 Vt
440 1481 524 1543 nihil
539 1483 579 1543 de
600 1481 645 1543 eis
659 1479 737 1541 locis
755 1479 862 1541 dicam
876 1478 933 1540 ubi
947 1479 1083 1540 uerbum
1097 1477 1228 1559 aliquod
1248 1477 1284 1539 in
1299 1485 1330 1539 B
1342 1476 1390 1567 ita
1404 1479 1458 1539 ad·-

296 1585 401 1648 ditum
422 1585 620 1669 repperimus
643 1594 681 1646 ut
708 1583 849 1666 intelligi
875 1592 1013 1666 nequeat
1035 1605 1092 1646 cur
1106 1583 1140 1645 id
1165 1583 1287 1645 factum
1308 1582 1351 1644 sit
1367 1619 1404 1632 -
1422 1592 1460 1644 ut

294 1713 316 1773 p
335 1695 385 1766 16,
406 1700 418 1754 1
438 1689 630 1763 8111111111·
653 1709 675 1772 p
692 1696 745 1764 41,
767 1695 803 1750 14
819 1688 932 1751 classis
948 1727 989 1736 -
1004 1709 1114 1770 comp
1130 1696 1182 1764 41,
1202 1697 1216 1750 1
1233 1698 1318 1750 recte
1332 1688 1459 1769 legatur

294 1796 331 1858 in
345 1802 383 1860 N
390 1792 491 1860 ‘omni
504 1819 567 1879 quo
583 1793 768 1878 lonpissr'ma
784 1793 887 1856 Italia
906 1795 971 1857 solo
987 1786 1218 1870 interiacente',
1236 1803 1346 1877 aperta
1359 1792 1459 1856 inter-

294 1902 457 1984 polatione
471 1901 532 1963 hoc
553 1900 589 1962 in
608 1905 661 1962 Β]
670 1899 718 1961 ita
732 1910 919 1982 corruptum
940 1910 989 1962 est
1003 1914 1041 1962 ut
1055 1898 1210 1982 scriptum
1224 1900 1266 1962 sit
1276 1893 1378 1960 ‘omni
1396 1919 1460 1981 quo

295 2005 595 2090 lonpissr'mumfuit
607 2004 727 2068 Italiae
741 2005 806 2066 colo
822 1997 1054 2068 iatermccntc'.
1080 2015 1151 2072 tum
1165 2025 1187 2087 p
1204 1991 1255 2080 41,
1275 2008 1313 2065 23
1329 2003 1459 2066 Histro-

294 2131 367 2173 rum
381 2131 456 2185 rex,
480 2129 575 2192 quem
589 2109 792 2191 Aepulonem
807 2119 903 2170 uocat
919 2109 1034 2172 Liuius
1049 2129 1178 2184 11111111,
1199 2118 1233 2172 11
1257 2109 1293 2171 in
1306 2116 1345 2172 N
1355 2108 1458 2171 nomi-

294 2225 391 2277 natur
406 2215 511 2296 apoto,
531 2215 616 2296 quod
631 2212 737 2294 ipsum
752 2213 948 2301 uocabulum
961 2213 997 2280 in
1011 2221 1041 2274 B
1056 2235 1075 2274 a
1088 2214 1237 2289 librario,
1262 2215 1316 2277 cui
1331 2237 1458 2298 corrup·

224 2307 226 2314 ¹
285 2331 366 2383 'tum
380 2319 561 2394 uidebatur,
578 2326 741 2379 mutatum
756 2317 855 2380 estin
870 2341 890 2380 a
899 2319 1030 2400 populo.
1055 2325 1137 2400 p51,
1151 2323 1188 2380 21
1209 2318 1267 2380 1111
1282 2319 1458 2382 Corinthus

295 2427 401 2489 deleta
416 2447 484 2488 esse
500 2422 617 2486 dicitur
634 2423 708 2485 tubo
716 2421 934 2505 praecinente,
945 2422 1124 2506 antiquitus
1139 2442 1206 2486 uox
1223 2426 1296 2488 tuda
1312 2437 1460 2510 corrupta

295 2531 413 2594 eratin
430 2531 533 2594 turbo.
563 2527 663 2611 igitur
677 2528 712 2589 in
728 2534 766 2590 N
776 2526 915 2590 fideliter
938 2529 1166 2612 transcriptum
1195 2533 1244 2593 est
1259 2532 1353 2594 turbo
1361 2553 1458 2614 prae·

294 2637 428 2709 cinerata·
443 2636 527 2717 qu'od
543 2657 617 2697 cum
632 2633 759 2696 nullum
773 2653 905 2696 sensum
911 2634 1029 2698 habere
1044 2635 1284 2718 intellegeretB
1297 2635 1457 2711 1111111111,

294 2739 436 2802 mutauit
452 2741 538 2821 quod
552 2750 637 2801 recte
660 2737 815 2801 traditum
831 2749 900 2801 erat
921 2750 953 2801 et
968 2740 1096 2823 scripsit
1112 2742 1204 2803 turba
1219 2742 1456 2825 proecinpcnte.

295 2843 442 2907 similiter
457 2863 532 2905 cum
546 2864 567 2924 p
585 2850 636 2918 53,
656 2849 673 2904 3
688 2844 884 2906 uocabulum
900 2843 1091 2920 incruentis,
1117 2849 1202 2928 quod
1216 2857 1301 2909 recte
1316 2846 1459 2908 seruauit

204 2958 208 2963 ’
294 2955 340 3024 Ν,
362 2947 510 3011 librarius
531 2946 648 3010 codicis
669 2955 698 3008 Β
719 2947 755 3010 in
769 2947 851 3010 libro
867 2970 925 3011 suo
941 2949 1117 3032 inprumtie
1139 2962 1195 3013 aut
1209 2951 1459 3034 inuenissetlaut

295 3055 400 3144 legere
421 3053 483 3116 sibi
508 3050 598 3114 uisus
621 3062 722 3128 esset,
751 3063 788 3115 ut
815 3065 925 3116 tamen
951 3053 1082 3136 aliquod
1107 3058 1303 3120 uocabulum
1327 3067 1461 3140 poneret

296 3158 422 3240 scripsit
437 3155 665 3241 inprecatione.
693 3177 715 3239 p
735 3166 804 3233 100,
828 3165 865 3220 18
881 3157 917 3220 in
931 3165 969 3223 N
979 3161 1100 3243 legitur
1107 3161 1239 3244 pompei
1251 3165 1379 3239 aedem,
1404 3161 1461 3224 ubi

294 3263 443 3327 librarius
459 3262 593 3325 scribere
608 3261 713 3324 uoluit
728 3264 855 3326 caedem
862 3291 876 3338 ,⁴
900 3267 962 3328 sed'
971 3272 1001 3327 Β
1013 3265 1127 3343 habet,
1146 3267 1232 3349 quod
1244 3267 1349 3349 primo
1370 3287 1459 3348 aspe—

296 3379 352 3432 ctu
365 3367 485 3430 mirum
500 3378 658 3450 quantum
673 3369 783 3446 distat,
808 3370 991 3451 pompeium
1012 3393 1127 3455 repam.
1167 3371 1290 3434 scilicet
1310 3392 1385 3432 111111
1407 3393 1460 3433 ae·

296 3495 378 3548 cem,
396 3475 482 3555 quod
497 3473 574 3536 olim
590 3472 745 3556 scriptum
760 3475 834 3551 fuit,
852 3474 999 3560 inrepens
1014 3498 1118 3540 errore
1133 3486 1318 3559 corruptum
1332 3475 1458 3552 fuisset,

296 3577 443 3641 librarius
459 3579 557 3642 etiarn
564 3580 696 3662 pompei
708 3580 850 3643 mutauit
861 3581 897 3642 in
904 3579 1098 3662 pompeium,
1117 3582 1288 3664 quodcum
1303 3582 1461 3644 uocabulo

296 3704 399 3766 repom
420 3685 684 3768 coniungendam
704 3687 844 3767 putauit.
880 3686 968 3748 haud
993 3687 1134 3748 multum
1154 3687 1282 3749 diuersa
1301 3686 1461 3766 rationep

302 3791 373 3861 106,
392 3793 409 3847 9
431 3787 551 3869 furtis,
577 3790 663 3870 quod
677 3799 762 3852 recte
785 3790 941 3872 scriptum
956 3802 1006 3854 est
1020 3791 1055 3852 in
1076 3796 1121 3866 N,
1143 3811 1219 3852 cum
1233 3798 1263 3853 Β
1276 3801 1463 3872 corruptum
1518 3857 1524 3863 ,

296 3890 475 3954 inuenisset
489 3891 524 3952 in
536 3891 653 3975 fortas,
672 3903 708 3955 ut
724 3893 865 3977 aliquem
880 3917 1011 3958 sensum
1025 3895 1155 3957 eliceret
1169 3895 1297 3978 scripsit
1311 3895 1462 3981 airifor·

298 3995 349 4058 tis.
385 3995 559 4078 deniquep
578 4002 629 4073 32,
648 4005 666 4058 4
684 4002 769 4082 quod
783 4012 869 4063 recte
883 4001 919 4063 in
941 4007 978 4064 N
993 4000 1113 4082 legitur
1132 4000 1181 4064 sic
1199 4022 1321 4085 quoque
1344 4023 1462 4084 mappa

291 4100 436 4181 praedo,
467 4100 500 4163 id
522 4100 557 4163 in
577 4109 607 4164 Β
624 4101 670 4165 ita
692 4103 923 4187 interpolatum
944 4115 994 4169 est
1012 4105 1060 4168 sic
1079 4126 1201 4191 qnoque
1220 4128 1461 4190 1191111111-

296 4205 355 4267 das
370 4205 443 4290 epit.

380 4309 444 4372 His
459 4311 537 4375 locis
559 4312 675 4396 igitur,
705 4314 822 4395 quibus
844 4322 875 4377 B
894 4315 1174 4398 interpolationem
1195 4312 1321 4396 prodit,
1350 4319 1387 4375 N
1407 4321 1463 4375 aut

292 4435 405 4478 uerum
421 4425 477 4478 aut
491 4417 559 4480 ueri
574 4417 712 4502 uestigia
727 4420 887 4496 seruauit3
913 4422 970 4483 sed
983 4422 1087 4484 multo
1098 4418 1244 4502 pluribus
1258 4417 1463 4501 interpolatio
