3300 5084
235 332 250 432 δ’
273 344 316 399 VI
760 353 956 398 naturane.

273 505 390 570 accitam
411 505 560 568 exhibere
582 508 661 580 BN,
693 527 759 568 non
774 509 846 579 IN,
878 514 911 566 et
931 525 953 586 p
973 507 1026 578 16,
1045 506 1084 564 25
1107 500 1265 566 inlotaom
1280 503 1344 586 legi
1359 503 1395 565 in
1409 509 1447 567 N

207 613 210 616 ’
273 635 378 694 neque
393 633 470 674 uero
490 611 525 673 in
541 618 580 673 B.
606 620 747 673 ceterum
769 617 889 690 cum-B
903 608 938 671 in
960 608 1151 671 uniuersum
1170 609 1248 672 satis
1270 609 1442 692 diligenter

273 718 410 806 scriptus
427 717 486 794 sit,
502 727 593 801 patet
607 739 683 780 eum
697 715 836 790 librum,
860 738 901 778 ex
916 738 984 799 qua
994 714 1172 798 descriptus
1187 725 1254 791 est,
1271 715 1443 798 praecipue

275 847 386 886 uersus
408 825 508 886 finem
530 822 619 886 haud
639 821 716 886 satis
737 823 819 884 bene
841 820 906 904 legi
927 820 1090 905 potuisse,
1121 820 1179 882 ubi
1200 821 1304 884 multa
1325 821 1443 886 uitiosa

274 929 405 1011 scripta,
425 931 531 994 multa
553 951 643 992 erasa
662 937 750 991 sunt.
778 927 918 1009 denique
939 928 961 1010 p
980 931 1051 1003 123,
1073 935 1086 989 1
1105 927 1140 988 in
1162 926 1277 990 litteris
1292 929 1446 1012 profand

274 1038 373 1098 finem
388 1032 464 1098 lecit
478 1034 626 1100 librarius
642 1035 788 1097 nondum
802 1033 896 1096 finita
909 1032 1029 1116 pagina
1037 1080 1047 1109 ,
1072 1031 1119 1105 ita
1132 1041 1170 1094 ut
1184 1041 1290 1096 cetera
1303 1043 1360 1096 aut
1375 1056 1441 1097 om-

274 1141 352 1204 uino
368 1141 506 1204 defuisse
521 1140 557 1202 iu
572 1139 653 1204 libro
669 1163 726 1204 suo
741 1139 915 1202 uideantur
929 1149 987 1201 aut
1001 1137 1067 1222 legi
1080 1160 1147 1201 non
1161 1139 1315 1222 potuisse.
1354 1139 1443 1203 huuc

274 1249 550 1330 Bembergeusemx
562 1246 736 1310 codiceme
757 1246 847 1308 fonte
869 1244 1051 1321 deriuatum
1072 1267 1141 1308 esse
1163 1266 1292 1328 prorsus
1314 1245 1442 1309 diuerso

276 1377 294 1415 a
309 1353 422 1416 ceteris
437 1363 593 1436 quotquot
608 1352 678 1416 noti
694 1362 770 1415 suut
785 1351 873 1415 Flori
887 1351 1051 1415 codicibus
1073 1351 1128 1414 uel
1148 1351 1324 1414 inderetis
1338 1351 1442 1414 mani-

275 1458 393 1521 festum
420 1469 469 1522 est
497 1461 592 1542 quod
608 1459 695 1521 solus
728 1457 881 1548 lacunam
913 1479 994 1540 quae
1029 1469 1149 1522 eeteros
1176 1457 1300 1522 codices
1322 1480 1344 1541 p
1369 1465 1441 1534 110,

279 1568 379 1626 1-24
406 1563 577 1647 occupauit
592 1563 754 1647 expletam
768 1562 867 1626 habet
881 1563 1032 1646 solusque
1048 1565 1146 1625 uerba
1157 1556 1307 1627 ‘Siciliae
1322 1586 1443 1648 qaoque

277 1669 373 1733 litora
395 1678 427 1733 et
450 1669 660 1753 Campaniam
680 1678 820 1733 nostram
836 1669 938 1734 sabito
959 1672 1099 1734 aduentu
1113 1678 1240 1733 terrere
1257 1661 1441 1734 uoluerant'

276 1797 334 1838 suo
349 1777 419 1838 loeo
433 1798 455 1859 p
473 1782 524 1853 68,
544 1783 560 1838 5
577 1775 681 1860 posita
696 1774 827 1839 exhibet
834 1823 845 1852 ,
863 1797 944 1858 quae
958 1775 993 1838 in
1007 1776 1138 1860 reliquis
1153 1798 1175 1859 p
1192 1781 1245 1852 66,
1262 1783 1298 1838 15
1316 1777 1443 1838 turbato

277 1883 387 1946 ordine
408 1883 570 1966 leguntur.
610 1903 714 1964 neque
737 1903 813 1945 uero
835 1881 870 1943 in
892 1880 943 1944 his
969 1881 1166 1965 praestantia
1188 1881 1286 1944 huius
1315 1880 1388 1942 libri
1408 1902 1442 1944 se

277 1989 430 2065 continet,
449 1987 553 2051 sedin
568 1986 758 2050 uniuersum
772 1987 871 2049 uerba
886 1987 971 2050 Flori
991 1989 1087 2071 longe
1108 1987 1325 2050 emendatiora
1345 1985 1444 2050 tradit

278 2117 374 2176 quam
389 2093 485 2157 ceteri
505 2102 537 2155 et
559 2094 748 2174 plerumque
770 2092 815 2155 eis
837 2114 963 2175 quoque
984 2093 1062 2157 locis
1089 2094 1207 2177 quibus
1231 2093 1444 2176 corruptelam

277 2221 390 2285 passus
411 2209 461 2262 est
487 2199 679 2262 emendandi
705 2197 794 2261 uiam
814 2198 946 2281 reliquis
967 2199 1084 2262 clarius
1106 2199 1287 2282 certiusque
1306 2197 1440 2262 indicat.

278 2327 359 2390 quae
374 2327 423 2368 res
439 2314 505 2367 tam
521 2314 630 2387 aperta
644 2313 693 2366 est
708 2313 746 2367 ut
757 2304 912 2388 exemplis
928 2326 1000 2368 eam
1011 2307 1228 2368 demonstrare
1243 2305 1443 2388 superfluum

278 2411 331 2488 sit,
349 2433 424 2474 cum
438 2411 503 2474 iam
518 2432 737 2493 quaecumque
759 2409 795 2472 iu
817 2409 879 2472 hoe
899 2409 981 2473 libro
1002 2412 1156 2494 legrmtur
1178 2421 1326 2474 accurate
1345 2413 1444 2475 adno-

279 2527 347 2580 tata
361 2527 483 2580 extent.
508 2539 584 2580 nam
606 2539 647 2580 ex
668 2515 808 2580 editione
829 2538 849 2578 a
863 2515 1019 2581 Seebodio
1034 2539 1121 2580 anno
1136 2537 1303 2581 uncooxxr
1319 2528 1440 2594 curata,

278 2623 335 2706 qui
355 2622 478 2706 primus
499 2623 607 2686 codice
632 2621 864 2706 Bambergensi
883 2658 927 2671 -
946 2645 1013 2688 non
1037 2623 1175 2686 dixerim
1200 2645 1278 2686 usus
1305 2634 1373 2699 est,
1405 2626 1444 2686 de

278 2728 476 2810 praestantia
491 2729 559 2790 eius
574 2728 757 2792 coniectura
771 2728 844 2812 capi
857 2751 925 2794 non
938 2728 1057 2812 potuit.
1080 2729 1136 2792 ille
1151 2728 1239 2792 enim
1259 2751 1327 2792 non
1346 2752 1443 2793 ausus

231 2845 232 2850 ’
279 2855 388 2915 sapere
402 2853 444 2896 ne
459 2833 611 2896 lacunam
626 2835 756 2916 quidem
771 2835 898 2919 explere
910 2846 967 2898 aut
982 2836 1078 2898 uerba
1088 2857 1186 2918 supra
1197 2844 1372 2898 memorata
1385 2857 1444 2897 suo

279 2940 348 3002 loco
363 2961 514 3022 reponere
530 2940 684 3005 sustinuit
705 2951 798 3005 etex
819 2939 946 3024 ingenti
966 2941 1166 3024 egregiarum
1186 2941 1361 3011 lectionum
1383 2963 1443 3004 nu-

279 3067 366 3108 mero
386 3067 505 3128 paucas
527 3055 655 3111 tantum
676 3069 792 3131 easque
813 3046 943 3109 minimi
974 3047 1040 3109 fere
1066 3047 1223 3110 momenti
1250 3049 1383 3129 probare
1402 3049 1443 3110 ab

279 3151 388 3236 animo
410 3173 468 3215 suo
490 3152 686 3234 impetrauit.
730 3155 785 3218 uel
811 3153 857 3217 sic
883 3151 1023 3216 hominis
1048 3152 1216 3236 ignauiam
1229 3152 1304 3216 libri
1317 3153 1445 3217 bouitas

279 3257 444 3338 superauit
469 3259 562 3342 eique
588 3258 687 3322 semel
711 3259 765 3321 uel
791 3258 909 3322 iterum
934 3280 1045 3321 ueram
1071 3259 1328 3323 emendationem
1354 3260 1445 3343 quasi

279 3363 424 3426 extorsit.
848 3446 851 3451 Α

365 3469 473 3534 Simili
487 3469 568 3534 libro
584 3481 680 3553 atque
701 3470 729 3533 is
751 3469 832 3546 fuit,
861 3491 986 3552 exque
1011 3472 1257 3554 Bambergcusis
1280 3472 1444 3537 deriuatus

279 3585 344 3650 est,
370 3597 447 3639 usus
470 3589 519 3640 est
533 3577 706 3653 Iordanes,
736 3599 832 3659 quem
851 3576 887 3638 in
908 3576 990 3639 libro
1004 3577 1044 3639 de
1059 3577 1259 3641 successione
1272 3599 1444 3659 regnorum

278 3681 438 3762 permulta
453 3703 493 3743 ex
509 3683 601 3746 Floro
617 3681 820 3765 descripsisse
836 3681 893 3743 diu
908 3681 1169 3746 animaduersum
1183 3694 1243 3746 est.
1267 3693 1301 3744 et
1320 3683 1368 3744 ab*
1382 3682 1444 3744 ini-

279 3784 324 3847 tio
339 3807 441 3866 usque
457 3788 498 3849 ad
511 3787 635 3850 bellum
650 3785 897 3851 Macedonicum
918 3789 1097 3851 seeundum
1115 3810 1137 3871 p
1154 3794 1206 3863 46,
1225 3795 1264 3849 20
1290 3789 1443 3851 Iordanes

280 3891 358 3956 satis
374 3891 506 3954 adsidue
521 3903 553 3954 et
567 3914 623 3974 per
637 3893 734 3976 longa
748 3893 855 3976 capita
869 3892 1032 3976 integrum
1045 3893 1110 3956 fere
1122 3893 1253 3956 Florum
1264 3894 1442 3978 descripsit,

280 4009 350 4061 tum
362 4019 437 4060 uero
448 3996 614 4080 fatigatus,
631 4009 669 4062 ut
679 4000 808 4064 breuius
820 4022 890 4062 rem
899 4010 1074 4083 perageret,
1089 3999 1207 4064 omisso
1218 4001 1355 4063 FloroS.
1366 4003 1445 4064 Rufi

205 4173 210 4182 ¹
279 4103 483 4186 potissimum
497 4103 692 4169 breuiarium
707 4106 769 4169 sibi
783 4106 882 4190 elegit
896 4108 983 4190 quod
997 4117 1192 4189 sequeretur.
1216 4129 1320 4189 neque
1336 4118 1445 4169 tamen
1500 4121 1508 4130 '

250 4293 252 4298 ι
278 4220 390 4293 postea
404 4209 491 4272 Flori
505 4231 632 4291 prorsus
648 4211 766 4275 oblitus
782 4222 842 4288 est,
860 4214 917 4275 sed
931 4212 967 4274 iu
980 4214 1074 4276 rebus
1089 4212 1196 4278 Crassi
1211 4235 1233 4296 p
1247 4221 1263 4272 7
1269 4221 1299 4290 5,
1313 4220 1332 4274 4
1348 4223 1444 4295 atque

280 4314 422 4397 Augusti
436 4337 458 4397 p
478 4322 534 4378 113
548 4338 606 4399 sqq
621 4319 662 4380 ad
677 4339 752 4381 eum
765 4339 912 4381 reuersus
926 4339 1030 4401 pauca
1044 4320 1199 4402 quaedam
1215 4319 1291 4382 iude
1306 4317 1444 4401 descrip-

281 4421 334 4484 sit.
359 4420 458 4504 igitur
478 4444 697 4507 quaecumque
721 4425 874 4490 Iordanes
897 4445 914 4488 e
937 4425 1031 4488 Floro
1053 4426 1095 4488 ad
1115 4426 1251 4488 uerbum
1274 4436 1443 4489 mutuatus
