3300 5084
349 1205 379 1267 1.
404 1207 434 1268 A
449 1155 877 1294 11011110-111110111
892 1209 1056 1282 aucun
1073 1203 1262 1296 sarran.

231 1460 377 1542 Populus
399 1461 567 1524 Romanus
583 1483 602 1524 a
623 1482 697 1544 rege
711 1461 854 1526 Romulo
874 1461 909 1523 in
923 1463 1093 1525 Caesarem
1114 1463 1302 1545 Augustum
1317 1486 1386 1546 sep·
1478 1468 1484 1472 ’

230 1565 393 1649 tingentos
413 1588 470 1649 per
491 1587 593 1630 annos
615 1547 744 1657 tantuin
766 1588 898 1650 operum
918 1589 996 1652 pace
1016 1568 1165 1651 belloque
1190 1569 1308 1650 gessit,
1336 1579 1386 1643 nt,

229 1671 256 1733 si
272 1672 344 1754 quis
359 1673 619 1757 magnitudinem
629 1671 756 1757 imperii
767 1695 842 1734 cum
861 1671 954 1735 annis
974 1673 1133 1748 conferat,
1150 1684 1288 1736 aetatem
1302 1674 1389 1736 ultra

195 1789 217 1837 -5
229 1787 332 1860 putet.
358 1779 404 1842 ita
424 1779 489 1841 late
504 1801 561 1861 per
576 1779 687 1842 orbem
699 1789 856 1840 terrarum
871 1799 959 1840 arma
973 1777 1189 1854 circumtulit,
1213 1789 1251 1842 ut
1266 1779 1386 1862 quires

229 1880 318 1956 illius
340 1883 456 1966 legunt
484 1905 551 1945 non
571 1882 669 1944 unius
685 1875 815 1965 populi,
840 1885 896 1946 sed
909 1883 1036 1966 generis
1050 1883 1187 1950 humani
1207 1884 1293 1946 facta
1313 1905 1387 1945 cou-

230 1987 367 2052 discant.
393 1997 442 2050 101
456 1987 492 2049 111
506 1987 669 2050 laboribus
685 1987 900 2071 periculisque
915 1989 1053 2052 iactatus
1068 2000 1135 2065 est,
1159 2000 1198 2052 ut
1213 1991 1254 2052 ad
1269 1987 1386 2052 consti-

231 2095 389 2156 tuendum
401 2092 470 2164 eius
481 2093 652 2176 imperium
663 2094 866 2157 contendisse
877 2093 990 2158 Virtus
1002 2103 1035 2156 et
1046 2094 1190 2157 Fortuna
1201 2095 1383 2159 uideantur.

230 2217 295 2278 qua
308 2220 342 2260 re
357 2221 432 2262 oum
447 2199 475 2262 si
490 2199 569 2282 quid
584 2199 674 2261 aliud
688 2200 751 2263 hoc
765 2221 893 2283 quoque
914 2221 1028 2282 operae
1048 2199 1188 2283 pretium
1208 2200 1251 2263 sit
1271 2221 1387 2283 cogno-

178 2313 209 2363 10
230 2324 327 2380 scere,
344 2315 453 2367 tamen
469 2305 546 2388 quia
559 2304 631 2389 ipsa
646 2306 707 2370 sibi
723 2307 829 2370 obstat
849 2304 1041 2388 magnitudo
1061 2327 1232 2390 rerumque
1253 2306 1386 2369 diuersi·
1460 2366 1466 2372 ,

229 2417 277 2471 tas
294 2409 395 2472 aciem
405 2411 596 2474 intentionis
609 2411 783 2494 abrumpit,
799 2411 916 2473 faciam
926 2411 1014 2493 quod
1026 2410 1142 2485 solent,
1159 2411 1217 2493 qui
1230 2421 1388 2473 terrarum

229 2513 310 2578 situs
325 2514 467 2598 pingunt
483 2539 490 2578 :
514 2517 548 2578 in
570 2517 662 2580 breui
677 2515 770 2600 qnasi
791 2515 910 2578 tabella
931 2523 1033 2577 totam
1047 2514 1117 2578 eins
1132 2501 1307 2604 imaginem
1321 2537 1387 2578 am-

227 2619 451 2701 plectar,‘non
466 2620 567 2696 nihil,
592 2631 631 2683 ut
645 2643 754 2705 spero,
779 2622 820 2682 ad
836 2618 1080 2682 admirationem
1099 2619 1254 2704 principis
1274 2620 1387 2706 populi

229 2725 433 2801 conlaturus,
458 2725 486 2788 si
507 2725 626 2809 pariter
648 2728 752 2808 adque
772 2724 908 2788 insemel
922 2723 1108 2791 uniuersam
1129 2727 1387 2810 magnitudinem

172 2841 208 2891 -15
229 2829 299 2892 eius
315 2833 495 2894 ostendero.
561 2851 566 2860 ¹
1337 2916 1340 2925 1

315 2935 352 3000 Si
367 2936 439 3020 quis
455 2957 530 3020 ergo
544 2937 702 3021 populum
717 2937 905 3001 Romanum
916 2938 1009 3021 qnasi
1021 2959 1125 3001 unum
1136 2938 1300 3002 hominem
1311 2959 1385 3001 con·
1411 2950 1415 2957 “

229 3041 346 3106 sideret
367 3051 532 3125 totamque
555 3043 624 3106 eius
648 3051 786 3106 aetatem
807 3054 1012 3126 percenseat,
1040 3055 1079 3108 ut
1100 3044 1258 3126 coeperit,
1286 3054 1387 3127 utque

229 3148 417 3225 adoleue'rit,
434 3162 472 3211 ut
487 3149 579 3233 qnasi
595 3151 636 3212 ad
651 3151 814 3232 quandam
828 3147 982 3213 iuuentae
996 3150 1123 3234 frugem
1137 3149 1331 3234 peruenerit,
1349 3160 1386 3212 ut
1479 3193 1482 3196 -

228 3263 339 3336 postea
350 3255 443 3322 uelut
458 3254 673 3330 consenuerit,
690 3264 843 3336 quattuor
857 3255 1010 3339 gradibus
1025 3278 1079 3317 ss.
1097 3256 1201 3339 prima
1221 3265 1309 3318 aetas
1325 3257 1386 3319 sub

176 3369 208 3418 20
228 3359 358 3440 regibus
372 3349 436 3422 suit
450 3383 548 3442 prope
571 3382 628 3444 per
651 3381 752 3422 annos
774 3381 848 3436 con,
872 3362 991 3444 quibus
1014 3361 1135 3423 circum
1155 3363 1268 3424 urbem
1283 3361 1386 3443 ipsam
1433 3356 1437 3361 ⁴

230 3485 304 3524 cum
325 3463 473 3526 finitimis
493 3464 636 3527 luctatus
659 3474 718 3527 est.
752 3465 832 3526 haec
854 3456 914 3526 erit
937 3465 1007 3528 eius
1028 3464 1177 3527 infantia.
1210 3487 1347 3548 sequens
1368 3489 1388 3528 a

229 3572 333 3630 Bruto
353 3567 578 3650 Collatinoque
599 3568 787 3631 consulibus
807 3569 844 3630 111
864 3569 1010 3653 Appium
1027 3570 1203 3633 Claudium
1224 3570 1387 3638 Quintum
1482 3566 1487 3571 ⁹

157 3707 161 3711 ⁴
228 3672 386 3735 Fuluium
400 3674 548 3736 consules
564 3695 619 3771 001
635 3673 728 3738 annis
750 3683 858 3758 patet,
883 3674 1001 3757 quibus
1016 3674 1147 3738 ltaliam
1162 3675 1300 3758 subegit.
1326 3675 1386 3738 hoc

232 3929 243 3978 1
259 3945 301 3979 om
312 3928 643 4000 Ν1511111100101111Ν11
658 3929 756 3984 diaeta
768 3929 874 3983 discant
886 3904 961 4001 quoii
982 3927 1012 3982 in
1028 3941 1054 3982 N
1078 3929 1087 3998 11
1117 3931 1132 3980 8
1159 3929 1318 3982 uiderentur
1329 3941 1354 3981 N
1365 3929 1374 3998 11

229 4011 281 4065 osi
294 4012 453 4084 praecipuae
466 4014 518 4068 hoc
530 4028 675 4086 quoqueN
691 4014 699 4086 1
727 4018 757 4068 12
775 4014 973 4084 inmaginemB
991 4015 1000 4085 11
1023 4015 1053 4065 11
1079 4020 1163 4083 utque
1182 4014 1211 4067 in
1228 4014 1374 4083 1011101Ν11

234 4101 264 4168 lb
277 4115 362 4151 unum
375 4117 417 4150 om
428 4111 454 4151 Ν
469 4101 478 4172 11
500 4104 531 4153 18
550 4101 684 4171 quendam
696 4101 824 4154 iuuentae
836 4099 929 4153 florem
946 4111 973 4151 Ν
993 4099 1002 4169 11
1025 4103 1055 4151 19
1074 4106 1202 4169 quattuor
1213 4100 1313 4170 gradus
1325 4116 1385 4168 pro-

230 4197 374 4252 cessusque
386 4183 445 4237 eius
456 4183 613 4239 1110011101Ν
636 4187 644 4257 11
669 4187 755 4257 prima
766 4197 792 4238 N
796 4205 806 4234 .-
830 4201 922 4237 romae
933 4195 953 4237 B
966 4184 974 4253 11
994 4201 1009 4236 e
1021 4190 1149 4253 quattuor
1160 4184 1288 4254 gradibus
1300 4183 1385 4253 prima

114 4335 116 4340 ,
229 4265 407 4335 Napaaaut
426 4267 436 4338 11
449 4272 482 4322 21)
495 4284 547 4324 001,
561 4270 610 4324 add
624 4261 696 4324 cett:
709 4269 923 4340 quadringentos
935 4281 963 4333 0,
978 4282 1047 4322 0000
1059 4281 1083 4321 N
1094 4268 1103 4339 1
1116 4263 1216 4322 circum
1228 4269 1314 4338 ipsam
1325 4282 1386 4317 cnm

231 4347 316 4417 ipsam
329 4367 390 4402 cum
403 4352 523 4407 finitimis
540 4366 566 4406 N
582 4353 591 4424 11
615 4359 645 4408 21
668 4356 765 4408 obruto
784 4369 804 4409 a
823 4355 833 4425 1
853 4358 885 4407 23
898 4368 951 4407 ccr.
966 4372 999 4417 ς.·
1020 4361 1128 4407 centum
1147 4351 1344 4424 quinquaginta
1355 4359 1383 4409 Β,

232 4447 266 4486 cn
278 4445 310 4485 N.
325 4435 333 4503 11
1273 4457 1276 4462 -
