3300 5084
500 335 649 391 armona
666 336 690 392 1,
707 328 818 381 44—46
837 317 904 401 [nr,
923 316 1059 400 10-12].
1320 314 1361 378 75

177 481 181 490 ’
206 484 292 547 tibus
308 482 396 566 fuit]
413 483 519 546 filium
534 485 625 548 ducis
640 506 742 567 paene
756 485 792 547 in
803 495 978 568 conspectu
990 484 1090 567 patris
1105 484 1191 546 idem
1202 483 1275 548 telis
1287 505 1360 566 ope·

207 599 353 653 ruerunt.
382 589 535 672 reliquiae
553 591 690 654 infelicis
710 589 879 666 exercitus,
904 612 968 672 quo
985 611 1142 673 quemque
1153 589 1260 670 rapuit
1270 589 1359 671 fuga,

208 694 243 756 in
253 693 446 758 ¹Armeniam
460 696 609 761 Ciliciam
621 697 810 780 Syriamque
821 696 1005 771 distractae,
1021 695 1079 758 uix
1092 694 1246 757 nuntium
1260 694 1361 756 cladis

171 800 196 860 I
213 800 404 862 retulerunt.
436 796 555 883 '‘caput
575 801 644 864 eius
666 801 804 864 recisum
824 823 899 864 cum
921 803 1052 864 dextera
1072 822 1171 864 manu
1193 802 1233 862 ed
1253 820 1361 881 regem

170 916 186 965 5
208 915 405 986 reportatum
420 906 559 969 ludibrio
573 905 655 983 fuit,
672 927 777 989 neque
792 907 938 988 indigno.
964 925 1079 968 aurum
1099 905 1186 969 enim
1201 904 1360 987 liquidum

208 1009 242 1072 in
257 1010 374 1090 rictum
390 1011 451 1074 oris
466 1012 610 1076 infusum
624 1022 691 1088 est,
716 1022 753 1074 ut
768 1011 862 1074 cuius
877 1011 1004 1074 animus
1019 1022 1138 1075 arserat
1153 1010 1223 1074 auri
1237 1009 1360 1091 cupidi-

157 1114 282 1200 [I]tate,
300 1115 368 1180 eius
384 1116 481 1182 etiam
495 1107 659 1180 mortuum
673 1127 705 1181 et
720 1139 867 1201 exangue
880 1139 995 1199 corpus
1010 1139 1087 1180 auro
1101 1109 1277 1180 ureretur.u

479 1374 604 1439 XLVI.
628 1373 1077 1473 ANACEPHALAEOSIS.

206 1546 299 1623 Haec
313 1567 361 1638 est
375 1557 432 1621 illa
446 1557 542 1621 tertia
557 1569 642 1622 aetas
657 1558 770 1641 populi
784 1557 925 1621 Romani
940 1557 1163 1635 transmarina,
1180 1581 1244 1642 qua
1259 1559 1356 1622 Italia
1367 1580 1421 1636 111,
1438 1561 1476 1622 12

124 1666 128 1672 ’
155 1676 187 1726 10
206 1663 354 1748 progredi
369 1685 466 1727 ausus
482 1666 555 1752 orbe
571 1675 638 1727 toto
651 1685 738 1726 arma
750 1663 958 1726 circumtulit.
982 1663 1074 1754 cuius
1090 1646 1202 1726 aetatis
1218 1665 1357 1748 superio-

205 1793 255 1834 res
270 1781 401 1834 centum
417 1769 495 1831 anni
511 1768 613 1831 sancti
633 1769 679 1850 pii
694 1778 745 1844 et,
768 1778 806 1830 ut
821 1767 981 1843 diximus,
1006 1768 1112 1844 aurei,
1136 1767 1205 1830 sine
1220 1769 1355 1851 flagitio,

206 1875 274 1937 sine
289 1859 419 1962 scelere,
437 1876 515 1936 dum
530 1873 652 1936 sincera
667 1875 772 1937 adhuc
787 1883 819 1935 et
834 1873 967 1935 innoxia
981 1873 1138 1956 pastoriae
1150 1873 1239 1939 illius
1254 1884 1358 1936 sectae

205 1976 385 2060 integritas,
402 1981 544 2062 dumque
560 1981 742 2042 Poenorum
756 1977 900 2041 hostium
914 1977 1076 2042 inminens
1097 1988 1201 2042 metus
1216 1977 1356 2060 discipli·

205 2095 282 2146 nam
303 2094 445 2146 ueterem
467 2085 662 2148 continebat.
695 2083 814 2168 posteri
835 2095 985 2162 centum,
1008 2107 1087 2168 quos
1111 2107 1130 2147 a
1152 2083 1356 2167 Carthaginis

154 2201 185 2250 15
207 2185 355 2252 Corinthi
369 2189 630 2273 Numantiaeque
646 2190 777 2254 excidiis
793 2200 825 2253 et
846 2191 949 2253 Attali
970 2189 1054 2273 regis
1076 2189 1219 2254 Asiatica
1232 2190 1356 2253 beredi-

205 2305 271 2358 tate
286 2296 478 2359 deduximus
493 2296 712 2359 in'Caesarem
727 2307 759 2359 et
775 2297 967 2378 Pompeium
988 2307 1198 2378 secutumque
1216 2296 1294 2371 hos,
1317 2297 1357 2358 de
1421 2380 1425 2383 -

205 2423 268 2482 quo
287 2401 449 2477 dicemus,
468 2402 673 2484 Augustum,
693 2411 731 2461 ut
750 2400 894 2463 claritate
911 2423 1018 2463 rerum
1034 2400 1223 2464 bellicarum
1233 2399 1357 2481 magni-

204 2505 277 2580 fici,
294 2505 342 2569 ita
356 2505 539 2569 domesticis
549 2504 698 2567 'cladibus
713 2504 822 2567 miseri
837 2514 870 2566 et
891 2505 1108 2568 erubescendi.
1134 2505 1252 2587 quippe
1274 2504 1357 2566 sicut

206 2610 349 2673 Galliam
364 2610 535 2673 Thraciam
549 2607 698 2674 Ciliciam
720 2609 974 2691 Cappadociam,
998 2609 1174 2673 uberrimas
1197 2608 1357 2672 ualidissi-

153 2724 185 2775 20
205 2735 336 2795 masque
358 2715 559 2798 prouincias,
587 2714 756 2778 Armenios
779 2714 877 2777 etiam
898 2726 930 2777 et
945 2715 1143 2790 Britannos,
1171 2726 1208 2778 ut
1236 2737 1303 2777 non
1322 2713 1356 2775 in

121 2842 122 2846 ¹
205 2841 312 2896 usiun,
330 2819 376 2882 ita
388 2822 428 2883 ad
439 2820 565 2904 imperii
576 2819 715 2903 speciem
725 2841 844 2903 magna
855 2821 987 2884 nomina
998 2821 1174 2903 adquisisse
1185 2821 1358 2903 pulchrum
1375 2897 1380 2902 .

204 2946 241 2987 ac
267 2927 436 3000 decorum;
464 2926 511 2988 ita
536 2929 648 2989 eodem
674 2935 816 3009 tempore
838 2926 1005 2990 dimicasse
1028 2927 1210 2990 domicum
1232 2925 1359 2988 ciuibus

205 3029 298 3094 sociis
312 3029 481 3114 mancipiis
496 3032 725 3115 gladiatoribus
741 3043 873 3116 totoque
887 3032 972 3095 inter
986 3054 1020 3095 se
1032 3042 1145 3096 senatu
1157 3043 1250 3114 turpe
1262 3041 1359 3113 atque
1386 3014 1390 3018 ’

204 3134 432 3199 miserandum.
466 3160 502 3200 ac
524 3139 631 3202 nescio
660 3161 701 3202 an
724 3138 824 3202 satius
840 3137 937 3201 fuerit
950 3138 1070 3220 populo
1084 3139 1232 3201 Romano
1248 3135 1360 3200 Sicilia

152 3251 185 3300 25
205 3249 238 3304 et
252 3239 362 3307 Africa
375 3252 527 3306 contento
541 3244 658 3320 fuisse,
683 3253 740 3306 aut
755 3243 805 3306 his
821 3243 920 3307 etiam
934 3243 1012 3326 ipsis
1034 3265 1163 3325 parcere
1178 3239 1359 3306 dominanti

205 3343 241 3404 in
267 3344 365 3406 Italia
387 3367 463 3422 sua,
492 3368 589 3428 quam
611 3370 647 3410 eo
673 3347 907 3430 magnitudinis
934 3368 1072 3409 crescere
1094 3356 1131 3413 ut
1152 3345 1276 3409 uiribus
1292 3344 1360 3407 suis
1384 3347 1389 3355 '

206 3449 426 3539 conficeretur.
463 3471 544 3532 quae
570 3450 657 3514 enim
683 3474 733 3514 res
756 3452 820 3514 alia
840 3451 952 3514 ciuiles
975 3451 1096 3514 furores
1118 3451 1241 3534 peperit
1263 3471 1360 3532 quam

207 3550 327 3614 nimiae
342 3551 532 3615 felicitates?
550 3554 647 3636 ¹Syria
662 3555 766 3637 prima
780 3578 839 3618 nos
854 3555 943 3618 uicta
957 3556 1109 3638 corrupit,
1126 3577 1203 3620 mon
1217 3553 1361 3617 Asiatica

207 3878 218 3927 1
235 3874 308 3928 hosti
319 3886 345 3928 N
355 3875 364 3945 11
377 3891 464 3943 poene
475 3886 494 3927 Β
507 3874 516 3945 11
529 3874 631 3928 eisdem
641 3887 667 3928 N
678 3875 686 3946 11
700 3878 715 3927 2
728 3892 782 3945 quo
800 3893 843 3928 om
854 3888 875 3928 Β
887 3876 896 3946 1
909 3878 924 3928 3
941 3877 1113 3930 armoeniam·
1124 3877 1237 3932 siliciam
1257 3881 1361 3933 siriam-

206 3977 258 4029 que
269 3972 289 4013 Β
302 3960 311 4030 11
324 3960 414 4014 clades
425 3972 450 4013 N
460 3959 469 4030 11
482 3964 499 4012 4
511 3959 661 4030 praecisum
674 3959 702 4013 [ἢ
715 3960 723 4030 1
737 3963 752 4012 5
765 3960 913 4013 ludibrium
925 3961 953 4013 17¹
965 3961 974 4030 11
989 3965 1003 4013 8
1016 3975 1099 4018 mvn
1112 3954 1360 4017 ΔΝΒΚΒΦΔΒΒΟΒΙΒ

204 4056 232 4108 Β,
246 4057 546 4100 mncnsmarosmn
557 4044 567 4117 11
580 4048 596 4098 9
608 4045 689 4098 tertia
700 4057 766 4099 omn
779 4046 788 4115 11
804 4050 835 4098 14
847 4045 1008 4116 postremiN
1018 4046 1026 4116 11
1040 4047 1114 4115 quod
1122 4059 1141 4098 Β
1153 4048 1163 4117 11
1176 4049 1360 4119 charthaginis

203 4140 223 4181 Β
236 4128 244 4198 11
261 4133 291 4180 17
306 4129 426 4183 dicemus
439 4131 489 4184 edd
499 4137 574 4184 cett:
595 4131 709 4184 dicimus
727 4142 772 4182 ΒΝ
782 4130 790 4200 11
804 4137 832 4183 et
850 4130 971 4183 claritate
984 4143 1009 4182 Ν
1020 4133 1028 4201 11
1044 4136 1074 4185 19
1094 4132 1177 4202 gallia
1193 4146 1212 4185 Β
1225 4134 1234 4204 11
1247 4133 1359 4186 siciliam

204 4225 224 4264 Β
236 4213 245 4282 11
259 4218 291 4266 20
303 4214 449 4267 bretennos
462 4216 486 4280 b,
512 4216 670 4268 brettannos
682 4230 717 4281 Β,
743 4216 897 4269 brittannos
908 4229 933 4269 Ν
944 4217 953 4286 11
966 4220 996 4269 21
1012 4217 1101 4269 uisum
1116 4230 1136 4269 Β
1148 4217 1157 4287 11
1171 4218 1313 4287 atquisisse
1330 4228 1358 4277 Β,

207 4297 393 4366 adquesisseN
403 4299 412 4367 11
426 4302 458 4354 22
470 4300 545 4352 hacB
558 4301 567 4370 11
581 4303 613 4353 23
626 4308 732 4354 turreN
742 4302 751 4372 11
765 4305 797 4353 24
811 4319 847 4353 an
858 4302 950 4354 nescio
961 4314 986 4353 Ν
997 4301 1006 4372 l
1018 4319 1049 4354 ac
1067 4302 1133 4355 satis
1144 4316 1164 4355 Β
1176 4302 1186 4372 11
1200 4305 1231 4353 25
1251 4306 1362 4352 conten-

205 4388 250 4434 tos
269 4390 288 4433 Β
301 4379 310 4450 11
324 4397 412 4434 carere
425 4382 565 4437 dominant
576 4397 601 4437 Ν
611 4384 620 4454 11
634 4389 665 4438 28
678 4386 777 4439 nimiae
789 4386 927 4441 felicitatis
938 4400 965 4450 Β,
980 4387 1064 4440 nimia
1075 4388 1189 4440 felicitas
1201 4397 1227 4438 Ν
1239 4385 1247 4453 11
