3300 5084
491 358 640 402 armona
655 359 695 414 11,
714 351 823 404 14-16.
842 339 924 422 [1111‚
939 340 1041 423 3-6].
1312 341 1372 401 167

209 507 329 589 ,fragiis
344 506 524 569 iudicatum
539 508 664 572 hostem
681 509 798 571 Caesar
814 509 981 588 adgressus
996 507 1080 588 intra
1096 508 1248 570 Perusiae
1262 530 1371 570 muros

220 613 342 693 redegit
375 607 579 696 conpulitque
610 614 650 675 ad
676 622 818 674 extrema
840 610 1011 676 deditionis
1034 612 1120 695 turpi
1139 622 1172 675 et
1200 612 1283 674 nibil
1304 635 1371 675 non

220 727 350 799 experta
364 718 459 786 fame.

612 972 972 1038 TRIVMVIRATVS.

177 1203 191 1250 5
214 1191 297 1252 Cum
313 1191 399 1254 solus
414 1189 512 1252 etiarn
526 1189 634 1272 grauis
648 1190 732 1272 paci,
749 1191 856 1274 grauis
872 1189 1080 1272 reipublicae
1095 1199 1179 1252 essct
1193 1187 1367 1263 Antonius,
1382 1207 1450 1266 1111,
1466 1191 1486 1249 6

217 1295 307 1376 quasi
321 1295 407 1376 ignis
422 1293 572 1356 incendio
586 1293 727 1376 Lepidus
744 1295 886 1358 accessit.
912 1327 945 1362 n
965 1296 1018 1358 cui
1033 1305 1143 1358 eontra
1159 1297 1239 1358 duos
1252 1316 1366 1356 eonsu-

214 1400 280 1474 les,
298 1401 377 1462 duos
392 1399 549 1462 exereitus
571 1422 699 1463 necesse
721 1400 783 1462 fuit
805 1399 917 1462 uenire
939 1399 975 1461 in
996 1400 1210 1464 cruentissimi
1232 1399 1379 1481 foederis·

214 1503 409 1568 societatem.
451 1505 577 1568 diuersa
599 1503 745 1568 omnium
765 1515 843 1567 uota
863 1515 901 1566 ut
921 1494 1067 1586 ingeniass
1104 1503 1365 1587 Lepidum-diui—

213 1607 330 1672 tiarum
344 1609 478 1691 cupido,
504 1632 639 1692 quarum
654 1631 725 1691 spes
740 1621 807 1672 erat
822 1632 863 1671 ex
885 1608 1123 1691 perturbatione
1144 1609 1363 1690 reipublicae,

162 1724 193 1773 10
213 1714 393 1777 Antonium
407 1713 540 1776 ultionis
556 1715 595 1775 de
610 1714 662 1775 his
683 1713 738 1796 qui
760 1737 794 1777 se
815 1715 941 1777 hostem
960 1713 1173 1786 iudicassent,
1196 1714 1365 1775 Caesarem

214 1819 338 1882 inultus
360 1827 497 1900 pateret
519 1817 668 1879 manibus
689 1817 757 1880 eius
780 1840 894 1900 graues
917 1817 1047 1881 Cassius
1068 1826 1101 1878 et
1121 1820 1241 1880 Brutus
1264 1816 1363 1898 agita-

212 1923 303 1985 bant.
328 1925 363 1986 in
378 1925 440 1986 boc
454 1922 544 1986 uelut
559 1922 670 1985 foedus
684 1943 749 2004 pax
763 1923 849 1985 inter
862 1932 925 1985 tres
941 1925 1037 1986 duces
1052 1921 1253 2003 conponitur.
1279 1924 1364 2002 apud

213 2028 421 2090 Confluentes
447 2027 532 2090 inter
557 2023 785 2109 Pffluifflffet
810 2028 991 2092 Bononiam
1019 2028 1161 2110 iungunt
1190 2049 1306 2090 manus
1331 2036 1364 2088 et

212 2132 370 2196 exereitus
385 2133 601 2195 consalutant.
625 2134 714 2196 nullo
735 2133 820 2196 bono
840 2156 929 2197 more
951 2133 1171 2197 triumuiratus
1184 2132 1360 2207 inuaditur,

161 2247 192 2296 15
214 2259 424 2320 oppressaque
453 2237 548 2302 armis
569 2239 753 2320 republica
774 2239 856 2302 redit
878 2240 1013 2303 Sullana
1033 2238 1240 2321 proscriptio,
1271 2239 1362 2302 cuius

210 2343 359 2406 atrocitas
384 2344 469 2406 nihil
494 2343 530 2406 in
552 2344 713 2407 seminus
735 2345 833 2406 habet
859 2366 956 2425 quam
980 2366 1152 2406 numerum
1178 2354 1309 2406 centum
1330 2355 1362 2406 et

210 2448 422 2530 quadraginta
437 2459 631 2512 senatorum.
656 2449 761 2512 exitus
783 2449 869 2514 foedi
890 2459 994 2511 truces
1007 2447 1203 2511 miserabiles
1219 2457 1287 2511 toto
1301 2459 1362 2510 ter·

210 2573 317 2614 rarum
332 2555 406 2615 orbe
430 2552 637 2636 fugientium.¹
669 2553 740 2636 quis
762 2575 820 2635 pro
838 2551 1036 2635 ‘indignitate
1056 2552 1264 2634 ingemiscat,
1289 2575 1363 2616 cum

209 2657 372 2720 Antonius
388 2657 526 2720 Lucium
540 2660 710 2722 Caesarem
726 2659 924 2720 auunculum
938 2680 1033 2720 suum
1041 2705 1052 2734 ‚
1069 2657 1210 2740 Lepidus
1225 2657 1362 2721 Lucium

156 2773 190 2822 20
211 2762 352 2826 Paulum
366 2763 496 2826 fratrem
511 2786 605 2826 suum
618 2763 879 2846 proscripserintl
900 2785 978 2826 nam
992 2766 1115 2827 Romae
1135 2763 1242 2845 capita
1256 2786 1361 2826 caeso·

208 2887 280 2929 rum
294 2889 470 2950 proponere
486 2868 520 2929 in
536 2868 646 2931 rostris
660 2869 726 2930 iam
746 2867 904 2931 usitatum
925 2879 1011 2944 erat;
1034 2891 1147 2932 uerum
1169 2869 1213 2931 sio
1236 2890 1362 2950 quoque

208 2966 323 3035 ciuitas
339 2971 485 3037 lacrimas
501 2985 609 3036 tenere
624 2996 690 3037 non
704 2974 831 3056 potuit,
847 2996 922 3036 eum
936 2974 1073 3037 recisum
1088 2972 1250 3051 Ciceronis
1265 2981 1362 3054 caput
1398 2959 1409 2973 ’

207 3077 243 3140 in
256 3077 322 3141 illis
337 3079 403 3141 suis
424 3079 533 3144 rostris
559 3079 683 3142 uideret
711 3101 771 3142 neo
792 3080 885 3142 aliter
905 3082 946 3142 ad
970 3078 1148 3142 uidendum
1169 3099 1362 3168 eumquam

208 3183 330 3245 solebat
355 3186 396 3246 ad
422 3184 620 3247 audiendum
644 3196 893 3247 concurreretur.
929 3185 1009 3246 baec
1030 3185 1149 3247 scelera
1168 3184 1204 3245 in
1224 3181 1361 3245 Antonii
1421 3243 1427 3252 ,

155 3298 187 3346 25
209 3287 385 3369 Lepidique
413 3290 548 3364 tabulis3
582 3291 699 3352 Caesar
726 3286 963 3371 pereusso'ribus
984 3289 1083 3370 patris
1107 3300 1278 3352 contentus
1300 3287 1362 3350 fuit

207 3391 278 3454 ideo
294 3413 354 3466 ne,
372 3391 400 3454 si
414 3391 519 3454 inulta
533 3393 646 3458 fuisset
653 3442 664 3471 ‚
682 3393 780 3456 etiam
794 3379 880 3456 iusta
895 3393 963 3456 eius
978 3396 1091 3457 caedes
1105 3394 1286 3457 haberetur.

208 3713 222 3761 2
235 3709 336 3778 redigit
346 3722 366 3763 B
379 3710 387 3778 ll
401 3714 415 3760 5
430 3712 520 3779 grauis
532 3712 592 3780 paci
605 3730 647 3762 orn
657 3724 676 3763 B
690 3712 698 3780 Η
711 3716 726 3764 6
740 3704 784 3764 cui
795 3725 825 3765 B:
839 3713 905 3782 quid
911 3726 942 3777 N,
958 3712 1117 3782 Caesarique
1130 3714 1177 3765 uni
1188 3715 1326 3782 Hauptius
1339 3715 1349 3782 jl

208 3803 302 3847 contra
315 3795 369 3848 duo
383 3796 517 3849 exercitus
527 3809 553 3849 N
564 3797 572 3866 ll
587 3799 601 3848 8
615 3805 680 3848 uota
693 3797 818 3848 incendia
830 3809 855 3849 N
866 3798 874 3865 ll
888 3803 903 3849 9
923 3805 981 3850 erat
992 3816 1034 3848 om
1045 3809 1071 3849 N
1081 3799 1089 3866 ll
1104 3798 1257 3850 turbatione
1269 3812 1294 3850 N
1305 3800 1318 3868 ΙῙ
1329 3804 1359 3851 16

207 3880 338 3932 ultionem
350 3893 369 3932 B
382 3881 390 3950 ll
405 3879 443 3932 eis
455 3891 480 3932 N
491 3879 499 3950 l
515 3884 542 3932 11
559 3879 663 3933 inuitus
683 3887 787 3951 peteret
805 3881 930 3935 manibus
947 3891 970 3934 N
982 3881 991 3951 ΙΙ
1006 3885 1038 3934 13
1056 3882 1191 3951 perusiam
1209 3893 1246 3946 N,
1265 3881 1361 3936 Petru-

206 3965 272 4017 siam
284 3964 423 4017 llIaluasia
436 3983 523 4017 marm
534 3965 627 4018 Felsia
639 3977 705 4028 1111,
727 3968 742 4016 2
756 3984 778 4033 p
798 3967 862 4030 146,
884 3966 1021 4019 Mutinam
1039 3965 1090 4018 edd
1105 3971 1176 4030 cett,
1198 3967 1362 4035 Borplten‘us

206 4049 279 4116 apud
288 4049 432 4102 Boeotiam
445 4051 511 4104 delle
524 4050 579 4102 lodi
588 4051 632 4102 del
641 4049 765 4102 canonico
776 4049 801 4102 L
814 4050 908 4102 Nardi
917 4069 940 4119 p
957 4053 991 4103 29
1003 4051 1012 4119 ΙΙ
1028 4053 1057 4101 lb
1078 4049 1212 4120 syllanus
1225 4053 1233 4122 ll
1249 4055 1279 4104 16
1292 4051 1362 4104 nihil

206 4131 340 4201 insignius
358 4135 551 4186 Movamsenias
564 4135 573 4204 Η
587 4141 614 4187 et
632 4153 674 4186 om
686 4145 712 4187 N
722 4135 730 4205 Η
746 4137 776 4186 16
789 4152 838 4204 pro
856 4134 954 4204 quibus
968 4134 1028 4204 quis
1040 4149 1089 4203 pro
1102 4135 1234 4204 dignitate
1253 4137 1293 4188 rei
1305 4149 1328 4187 N
1340 4137 1349 4204 ll

206 4215 369 4282 ingemescat
379 4229 423 4270 ΒΝ
434 4217 443 4288 ll
456 4221 487 4271 20
501 4235 580 4272 suum
593 4220 701 4272 fratrem
713 4231 738 4272 N
749 4221 757 4290 [l
770 4221 833 4272 nain
841 4229 913 4269 omN
923 4217 933 4287 fl
945 4231 1080 4271 romanas
1093 4218 1102 4288 η
1115 4236 1254 4274 censorum
1267 4231 1294 4272 N
1303 4221 1312 4289 ll
1325 4223 1357 4271 22

204 4298 320 4350 lacrimis
332 4311 351 4351 Β
364 4301 373 4369 ΙΙ
387 4301 569 4452 23'uideretur
580 4303 624 4374 ΝΗ
639 4307 670 4356 25
684 4310 823 4359 contestus
835 4315 857 4355 B
869 4303 879 4373 ῙΙ
889 4301 944 4355 fuit
955 4302 998 4355 his
1017 4316 1125 4373 quoque
1137 4305 1189 4358 nisi
1201 4305 1290 4358 inulta
1300 4315 1325 4356 N
1336 4303 1345 4371 H

203 4385 235 4434 26
253 4381 311 4434 eius
325 4400 366 4434 om
383 4387 422 4451 ΝΙ
