<?xml version="1.0" encoding="UTF-8"?>
<!DOCTYPE html PUBLIC "-//W3C//DTD XHTML 1.0 Transitional//EN"
    "http://www.w3.org/TR/xhtml1/DTD/xhtml1-transitional.dtd">
<html xmlns="http://www.w3.org/1999/xhtml" xml:lang="en" lang="en">
 <head>
  <title>
</title>
<meta http-equiv="Content-Type" content="text/html;charset=utf-8" />
  <meta name='ocr-system' content='tesseract 3.04.00' />
  <meta name='ocr-capabilities' content='ocr_page ocr_carea ocr_par ocr_line ocrx_word'/>
</head>
<body>
  <div class='ocr_page' id='page_1' title='image "./ivlifloriepitom00jahngoog_0035.png"; bbox 0 0 3300 5084; ppageno 0'>
   <div class='ocr_carea' id='block_1_1' title="bbox 556 337 1352 396">
    <p class='ocr_par' dir='ltr' id='par_1_1' title="bbox 556 337 1352 396">
     <span class='ocr_line' id='line_1_1' title="bbox 556 337 1352 396; baseline 0.005 -6"><span class='ocrx_word' id='word_1_1' title='bbox 556 375 561 390; x_wconf 79' lang='grc'><em>,</em></span> <span class='ocrx_word' id='word_1_2' title='bbox 662 346 859 390; x_wconf 67' lang='lat' dir='ltr'><strong>susurrata.</strong></span> <span class='ocrx_word' id='word_1_3' title='bbox 1172 390 1178 396; x_wconf 84' lang='grc'><em>,</em></span> <span class='ocrx_word' id='word_1_4' title='bbox 1246 337 1352 394; x_wconf 83' lang='lat' dir='ltr'>XXXI</span> 
     </span>
    </p>
   </div>
   <div class='ocr_carea' id='block_1_2' title="bbox 180 481 1453 1421">
    <p class='ocr_par' dir='ltr' id='par_1_2' title="bbox 180 481 1453 1421">
     <span class='ocr_line' id='line_1_2' title="bbox 181 481 1351 587; baseline 0.003 -29"><span class='ocrx_word' id='word_1_5' title='bbox 181 494 295 578; x_wconf 90' lang='lat' dir='ltr'><strong>possis.</strong></span> <span class='ocrx_word' id='word_1_6' title='bbox 320 515 425 577; x_wconf 85' lang='lat' dir='ltr'><strong>neque</strong></span> <span class='ocrx_word' id='word_1_7' title='bbox 438 481 559 559; x_wconf 84' lang='lat' dir='ltr'><strong>desunt</strong></span> <span class='ocrx_word' id='word_1_8' title='bbox 566 494 742 587; x_wconf 69' lang='lat' dir='ltr'><strong>precluum,</strong></span> <span class='ocrx_word' id='word_1_9' title='bbox 761 496 934 579; x_wconf 80' lang='lat' dir='ltr'><strong><em>quaerella,</em></strong></span> <span class='ocrx_word' id='word_1_10' title='bbox 945 496 1175 578; x_wconf 70' lang='lat' dir='ltr'><strong>praetendere,</strong></span> <span class='ocrx_word' id='word_1_11' title='bbox 1193 499 1351 562; x_wconf 77' lang='lat' dir='ltr'><strong>namium</strong></span> 
     </span>
     <span class='ocr_line' id='line_1_3' title="bbox 182 594 1453 686; baseline 0.005 -23"><span class='ocrx_word' id='word_1_12' title='bbox 182 611 215 664; x_wconf 92' lang='lat' dir='ltr'><strong>et</strong></span> <span class='ocrx_word' id='word_1_13' title='bbox 230 600 257 663; x_wconf 88' lang='lat' dir='ltr'><strong>si</strong></span> <span class='ocrx_word' id='word_1_14' title='bbox 272 621 353 683; x_wconf 90' lang='lat' dir='ltr'><strong>quae</strong></span> <span class='ocrx_word' id='word_1_15' title='bbox 370 612 447 662; x_wconf 88' lang='lat' dir='ltr'><strong>sunt</strong></span> <span class='ocrx_word' id='word_1_16' title='bbox 463 600 599 677; x_wconf 83' lang='lat' dir='ltr'><strong>similia,</strong></span> <span class='ocrx_word' id='word_1_17' title='bbox 621 602 656 663; x_wconf 89' lang='lat' dir='ltr'><strong>in</strong></span> <span class='ocrx_word' id='word_1_18' title='bbox 677 601 795 684; x_wconf 89' lang='lat' dir='ltr'><strong>quibus</strong></span> <span class='ocrx_word' id='word_1_19' title='bbox 818 623 856 664; x_wconf 88' lang='lat' dir='ltr'><strong>ac</strong></span> <span class='ocrx_word' id='word_1_20' title='bbox 877 622 993 663; x_wconf 90' lang='lat' dir='ltr'><strong>sonum</strong></span> <span class='ocrx_word' id='word_1_21' title='bbox 1012 594 1154 664; x_wconf 74' lang='lat' dir='ltr'><strong>indica&#39;re</strong></span> <span class='ocrx_word' id='word_1_22' title='bbox 1169 623 1232 684; x_wconf 90' lang='lat' dir='ltr'><strong>quo</strong></span> <span class='ocrx_word' id='word_1_23' title='bbox 1247 625 1264 665; x_wconf 86' lang='lat' dir='ltr'><strong>c</strong></span> <span class='ocrx_word' id='word_1_24' title='bbox 1278 627 1348 686; x_wconf 58' lang='lat' dir='ltr'><strong>prce</strong></span> <span class='ocrx_word' id='word_1_25' title='bbox 1449 660 1453 669; x_wconf 78' lang='grc'><strong>.</strong></span> 
     </span>
     <span class='ocr_line' id='line_1_4' title="bbox 180 706 1345 790; baseline 0.004 -21"><span class='ocrx_word' id='word_1_26' title='bbox 180 707 368 778; x_wconf 84' lang='lat' dir='ltr'><strong>nuntiatum</strong></span> <span class='ocrx_word' id='word_1_27' title='bbox 391 706 433 768; x_wconf 87' lang='lat' dir='ltr'><strong>sit</strong></span> <span class='ocrx_word' id='word_1_28' title='bbox 454 706 580 768; x_wconf 90' lang='lat' dir='ltr'><strong>monuit</strong></span> <span class='ocrx_word' id='word_1_29' title='bbox 601 707 830 768; x_wconf 88' lang='lat' dir='ltr'><strong>Lachmannus</strong></span> <span class='ocrx_word' id='word_1_30' title='bbox 854 708 896 769; x_wconf 89' lang='lat' dir='ltr'><strong>ad</strong></span> <span class='ocrx_word' id='word_1_31' title='bbox 918 707 1106 770; x_wconf 89' lang='lat' dir='ltr'><strong>Lucretium</strong></span> <span class='ocrx_word' id='word_1_32' title='bbox 1125 730 1147 790; x_wconf 93' lang='lat' dir='ltr'><strong>p</strong></span> <span class='ocrx_word' id='word_1_33' title='bbox 1172 715 1244 770; x_wconf 89' lang='grc'><strong>339.</strong></span> <span class='ocrx_word' id='word_1_34' title='bbox 1273 716 1345 774; x_wconf 77' lang='grc'><strong>384,</strong></span> 
     </span>
     <span class='ocr_line' id='line_1_5' title="bbox 182 811 1350 895; baseline 0.002 -20"><span class='ocrx_word' id='word_1_35' title='bbox 182 812 384 876; x_wconf 85' lang='lat' dir='ltr'><strong>adsimilem</strong></span> <span class='ocrx_word' id='word_1_36' title='bbox 411 833 540 874; x_wconf 89' lang='lat' dir='ltr'><strong>causam</strong></span> <span class='ocrx_word' id='word_1_37' title='bbox 570 813 789 874; x_wconf 84' lang='lat' dir='ltr'><strong>reuocandum</strong></span> <span class='ocrx_word' id='word_1_38' title='bbox 817 811 947 874; x_wconf 89' lang='lat' dir='ltr'><strong>uidetur</strong></span> <span class='ocrx_word' id='word_1_39' title='bbox 972 814 1058 895; x_wconf 89' lang='lat' dir='ltr'><strong>quod</strong></span> <span class='ocrx_word' id='word_1_40' title='bbox 1081 814 1205 876; x_wconf 82' lang='lat' dir='ltr'><strong>daleam</strong></span> <span class='ocrx_word' id='word_1_41' title='bbox 1229 814 1350 878; x_wconf 87' lang='lat' dir='ltr'><strong>babent</strong></span> 
     </span>
     <span class='ocr_line' id='line_1_6' title="bbox 181 917 1348 1002; baseline 0.002 -22"><span class='ocrx_word' id='word_1_42' title='bbox 181 923 249 980; x_wconf 88' lang='lat' dir='ltr'><strong>BN</strong></span> <span class='ocrx_word' id='word_1_43' title='bbox 267 927 364 999; x_wconf 89' lang='lat' dir='ltr'><strong>atque</strong></span> <span class='ocrx_word' id='word_1_44' title='bbox 386 917 592 994; x_wconf 75' lang='lat' dir='ltr'><strong>reuiuescere,</strong></span> <span class='ocrx_word' id='word_1_45' title='bbox 611 917 830 1002; x_wconf 72' lang='lat' dir='ltr'><strong>t&#39;npemesccre,</strong></span> <span class='ocrx_word' id='word_1_46' title='bbox 849 928 919 981; x_wconf 92' lang='lat' dir='ltr'><strong>tum</strong></span> <span class='ocrx_word' id='word_1_47' title='bbox 933 919 1019 999; x_wconf 89' lang='lat' dir='ltr'><strong>quod</strong></span> <span class='ocrx_word' id='word_1_48' title='bbox 1026 939 1191 998; x_wconf 79' lang='lat' dir='ltr'><strong>purpura,</strong></span> <span class='ocrx_word' id='word_1_49' title='bbox 1208 920 1348 982; x_wconf 86' lang='lat' dir='ltr'><strong>conscla-</strong></span> 
     </span>
     <span class='ocr_line' id='line_1_7' title="bbox 182 1022 1349 1112; baseline 0.003 -27"><span class='ocrx_word' id='word_1_50' title='bbox 182 1023 241 1098; x_wconf 81' lang='lat' dir='ltr'><strong>ris,</strong></span> <span class='ocrx_word' id='word_1_51' title='bbox 259 1022 402 1103; x_wconf 75' lang='lat' dir='ltr'><strong>scopolus</strong></span> <span class='ocrx_word' id='word_1_52' title='bbox 417 1022 452 1112; x_wconf 85' lang='lat' dir='ltr'><strong>in</strong></span> <span class='ocrx_word' id='word_1_53' title='bbox 466 1030 496 1085; x_wconf 88' lang='lat' dir='ltr'><em>B</em></span> <span class='ocrx_word' id='word_1_54' title='bbox 510 1023 647 1105; x_wconf 84' lang='lat' dir='ltr'><strong>legitur,</strong></span> <span class='ocrx_word' id='word_1_55' title='bbox 661 1024 798 1107; x_wconf 78' lang='lat' dir='ltr'><strong>fistula,</strong></span> <span class='ocrx_word' id='word_1_56' title='bbox 816 1023 971 1086; x_wconf 79' lang='lat' dir='ltr'><strong>iaculatus</strong></span> <span class='ocrx_word' id='word_1_57' title='bbox 985 1022 1021 1084; x_wconf 91' lang='lat' dir='ltr'><strong>in</strong></span> <span class='ocrx_word' id='word_1_58' title='bbox 1035 1028 1086 1098; x_wconf 92' lang='lat' dir='ltr'><strong>N,</strong></span> <span class='ocrx_word' id='word_1_59' title='bbox 1111 1023 1203 1086; x_wconf 88' lang='lat' dir='ltr'><strong>cuius</strong></span> <span class='ocrx_word' id='word_1_60' title='bbox 1223 1025 1349 1106; x_wconf 84' lang='lat' dir='ltr'><strong>generis</strong></span> 
     </span>
     <span class='ocr_line' id='line_1_8' title="bbox 183 1126 1347 1212; baseline 0.003 -23"><span class='ocrx_word' id='word_1_61' title='bbox 183 1126 304 1189; x_wconf 83' lang='lat' dir='ltr'><strong>similia</strong></span> <span class='ocrx_word' id='word_1_62' title='bbox 329 1129 485 1208; x_wconf 80' lang='lat' dir='ltr'><strong>quaedam</strong></span> <span class='ocrx_word' id='word_1_63' title='bbox 515 1129 684 1191; x_wconf 86' lang='lat' dir='ltr'><strong>adnotauit</strong></span> <span class='ocrx_word' id='word_1_64' title='bbox 710 1129 940 1192; x_wconf 89' lang='lat' dir='ltr'><strong>Lachmannus</strong></span> <span class='ocrx_word' id='word_1_65' title='bbox 965 1129 1006 1190; x_wconf 88' lang='lat' dir='ltr'><strong>ad</strong></span> <span class='ocrx_word' id='word_1_66' title='bbox 1033 1128 1220 1191; x_wconf 89' lang='lat' dir='ltr'><strong>Lucretium</strong></span> <span class='ocrx_word' id='word_1_67' title='bbox 1244 1151 1266 1212; x_wconf 91' lang='lat' dir='ltr'><strong>p</strong></span> <span class='ocrx_word' id='word_1_68' title='bbox 1297 1135 1347 1193; x_wconf 91' lang='grc'><strong>19.</strong></span> 
     </span>
     <span class='ocr_line' id='line_1_9' title="bbox 183 1231 1350 1317; baseline 0.003 -23"><span class='ocrx_word' id='word_1_69' title='bbox 183 1231 266 1294; x_wconf 91' lang='lat' dir='ltr'><strong>illud</strong></span> <span class='ocrx_word' id='word_1_70' title='bbox 290 1232 520 1315; x_wconf 87' lang='lat' dir='ltr'><strong>peruulgatum</strong></span> <span class='ocrx_word' id='word_1_71' title='bbox 546 1244 593 1296; x_wconf 89' lang='lat' dir='ltr'><strong>est</strong></span> <span class='ocrx_word' id='word_1_72' title='bbox 620 1235 706 1315; x_wconf 92' lang='lat' dir='ltr'><strong>quod</strong></span> <span class='ocrx_word' id='word_1_73' title='bbox 728 1234 742 1296; x_wconf 80' lang='grc' dir='ltr'>ι’</span> <span class='ocrx_word' id='word_1_74' title='bbox 762 1244 793 1296; x_wconf 90' lang='lat' dir='ltr'><strong>et</strong></span> <span class='ocrx_word' id='word_1_75' title='bbox 813 1257 835 1317; x_wconf 78' lang='lat' dir='ltr'><em>y</em></span> <span class='ocrx_word' id='word_1_76' title='bbox 859 1233 1043 1316; x_wconf 81' lang='lat' dir='ltr'><strong>saepissime</strong></span> <span class='ocrx_word' id='word_1_77' title='bbox 1068 1244 1292 1316; x_wconf 87' lang='lat' dir='ltr'><strong>permutantur</strong></span> <span class='ocrx_word' id='word_1_78' title='bbox 1317 1245 1350 1297; x_wconf 85' lang='lat' dir='ltr'><strong>et</strong></span> 
     </span>
     <span class='ocr_line' id='line_1_10' title="bbox 183 1325 1349 1421; baseline 0.002 -21"><span class='ocrx_word' id='word_1_79' title='bbox 183 1348 318 1420; x_wconf 85' lang='lat' dir='ltr'><strong>utraque</strong></span> <span class='ocrx_word' id='word_1_80' title='bbox 333 1325 603 1420; x_wconf 81' lang='lat' dir='ltr'><strong>littera-peruerse</strong></span> <span class='ocrx_word' id='word_1_81' title='bbox 618 1338 769 1421; x_wconf 83' lang='lat' dir='ltr'><strong>ponitur,</strong></span> <span class='ocrx_word' id='word_1_82' title='bbox 794 1339 935 1402; x_wconf 85' lang='lat' dir='ltr'><strong>maxime</strong></span> <span class='ocrx_word' id='word_1_83' title='bbox 956 1339 1087 1421; x_wconf 88' lang='lat' dir='ltr'><strong>quidem</strong></span> <span class='ocrx_word' id='word_1_84' title='bbox 1106 1339 1142 1400; x_wconf 92' lang='lat' dir='ltr'><strong>in</strong></span> <span class='ocrx_word' id='word_1_85' title='bbox 1163 1340 1349 1402; x_wconf 88' lang='lat' dir='ltr'><strong>nominibus</strong></span> 
     </span>
    </p>
   </div>
   <div class='ocr_carea' id='block_1_3' title="bbox 184 1442 1451 1529">
    <p class='ocr_par' dir='ltr' id='par_1_3' title="bbox 184 1442 1451 1529">
     <span class='ocr_line' id='line_1_11' title="bbox 184 1442 1451 1529; baseline 0.002 -23"><span class='ocrx_word' id='word_1_86' title='bbox 184 1442 328 1517; x_wconf 88' lang='lat' dir='ltr'><strong>Graecis,</strong></span> <span class='ocrx_word' id='word_1_87' title='bbox 346 1443 402 1504; x_wconf 91' lang='lat' dir='ltr'><strong>sed</strong></span> <span class='ocrx_word' id='word_1_88' title='bbox 417 1443 515 1506; x_wconf 90' lang='lat' dir='ltr'><strong>etiam</strong></span> <span class='ocrx_word' id='word_1_89' title='bbox 529 1443 740 1508; x_wconf 86' lang='lat' dir='ltr'><strong>ichmcnis.</strong></span> <span class='ocrx_word' id='word_1_90' title='bbox 759 1455 791 1506; x_wconf 92' lang='lat' dir='ltr'><strong>et</strong></span> <span class='ocrx_word' id='word_1_91' title='bbox 799 1444 910 1506; x_wconf 87' lang='lat' dir='ltr'><strong>Sullae</strong></span> <span class='ocrx_word' id='word_1_92' title='bbox 924 1466 1043 1506; x_wconf 90' lang='lat' dir='ltr'><strong>nomen</strong></span> <span class='ocrx_word' id='word_1_93' title='bbox 1054 1465 1129 1506; x_wconf 90' lang='lat' dir='ltr'><strong>cum</strong></span> <span class='ocrx_word' id='word_1_94' title='bbox 1143 1443 1239 1516; x_wconf 81' lang='lat' dir='ltr'><strong>modo</strong></span> <span class='ocrx_word' id='word_1_95' title='bbox 1253 1446 1349 1529; x_wconf 74' lang='lat' dir='ltr'><strong>Sulla</strong></span> <span class='ocrx_word' id='word_1_96' title='bbox 1446 1447 1451 1451; x_wconf 74' lang='grc'><em>“</em></span> 
     </span>
    </p>
   </div>
   <div class='ocr_carea' id='block_1_4' title="bbox 182 1546 1430 4056">
    <p class='ocr_par' dir='ltr' id='par_1_4' title="bbox 182 1546 1403 3712">
     <span class='ocr_line' id='line_1_12' title="bbox 183 1546 1350 1636; baseline 0.003 -27"><span class='ocrx_word' id='word_1_97' title='bbox 183 1549 279 1609; x_wconf 93' lang='lat' dir='ltr'><strong>modo</strong></span> <span class='ocrx_word' id='word_1_98' title='bbox 295 1546 382 1610; x_wconf 80' lang='lat' dir='ltr'><strong>Silla</strong></span> <span class='ocrx_word' id='word_1_99' title='bbox 397 1548 496 1610; x_wconf 88' lang='lat' dir='ltr'><strong>semel</strong></span> <span class='ocrx_word' id='word_1_100' title='bbox 511 1570 587 1611; x_wconf 90' lang='lat' dir='ltr'><strong>uero</strong></span> <span class='ocrx_word' id='word_1_101' title='bbox 603 1549 699 1611; x_wconf 80' lang='lat' dir='ltr'><strong>Sulla</strong></span> <span class='ocrx_word' id='word_1_102' title='bbox 713 1547 749 1610; x_wconf 87' lang='lat' dir='ltr'><strong>iu</strong></span> <span class='ocrx_word' id='word_1_103' title='bbox 760 1557 828 1613; x_wconf 90' lang='lat' dir='ltr'><strong>BN</strong></span> <span class='ocrx_word' id='word_1_104' title='bbox 835 1549 930 1612; x_wconf 85' lang='lat' dir='ltr'><strong>scribi</strong></span> <span class='ocrx_word' id='word_1_105' title='bbox 944 1549 1099 1625; x_wconf 85' lang='lat' dir='ltr'><strong>uiderem,</strong></span> <span class='ocrx_word' id='word_1_106' title='bbox 1116 1572 1241 1636; x_wconf 85' lang='lat' dir='ltr'><strong>semper</strong></span> <span class='ocrx_word' id='word_1_107' title='bbox 1253 1551 1350 1613; x_wconf 82' lang='lat' dir='ltr'><strong>Sulla</strong></span> 
     </span>
     <span class='ocr_line' id='line_1_13' title="bbox 184 1652 1347 1738; baseline 0.003 -24"><span class='ocrx_word' id='word_1_108' title='bbox 184 1653 388 1715; x_wconf 86' lang='lat' dir='ltr'><strong>scribendum</strong></span> <span class='ocrx_word' id='word_1_109' title='bbox 403 1652 492 1714; x_wconf 85' lang='lat' dir='ltr'><strong>duxi.</strong></span> <span class='ocrx_word' id='word_1_110' title='bbox 531 1653 612 1716; x_wconf 88' lang='lat' dir='ltr'><strong>illud</strong></span> <span class='ocrx_word' id='word_1_111' title='bbox 633 1675 710 1717; x_wconf 89' lang='lat' dir='ltr'><strong>uero</strong></span> <span class='ocrx_word' id='word_1_112' title='bbox 731 1677 794 1737; x_wconf 92' lang='lat' dir='ltr'><strong>quc</strong></span> <span class='ocrx_word' id='word_1_113' title='bbox 816 1656 916 1717; x_wconf 89' lang='lat' dir='ltr'><strong>modo</strong></span> <span class='ocrx_word' id='word_1_114' title='bbox 927 1656 1154 1738; x_wconf 83' lang='lat' dir='ltr'><strong>explicandum</strong></span> <span class='ocrx_word' id='word_1_115' title='bbox 1169 1657 1211 1718; x_wconf 90' lang='lat' dir='ltr'><strong>sit</strong></span> <span class='ocrx_word' id='word_1_116' title='bbox 1226 1655 1347 1731; x_wconf 87' lang='lat' dir='ltr'><strong>nescio,</strong></span> 
     </span>
     <span class='ocr_line' id='line_1_14' title="bbox 183 1757 1353 1843; baseline 0 -23"><span class='ocrx_word' id='word_1_117' title='bbox 183 1761 307 1841; x_wconf 89' lang='lat' dir='ltr'><strong>quodp</strong></span> <span class='ocrx_word' id='word_1_118' title='bbox 327 1762 378 1833; x_wconf 78' lang='lat'><strong>2³,</strong></span> <span class='ocrx_word' id='word_1_119' title='bbox 401 1763 436 1821; x_wconf 87' lang='grc'><strong>18</strong></span> <span class='ocrx_word' id='word_1_120' title='bbox 453 1757 487 1819; x_wconf 87' lang='lat' dir='ltr'><strong>in</strong></span> <span class='ocrx_word' id='word_1_121' title='bbox 503 1766 533 1820; x_wconf 89' lang='lat' dir='ltr'><em>B</em></span> <span class='ocrx_word' id='word_1_122' title='bbox 547 1759 702 1840; x_wconf 88' lang='lat' dir='ltr'><strong>scriptum</strong></span> <span class='ocrx_word' id='word_1_123' title='bbox 717 1770 766 1822; x_wconf 89' lang='lat' dir='ltr'><strong>est</strong></span> <span class='ocrx_word' id='word_1_124' title='bbox 787 1758 986 1843; x_wconf 65' lang='lat' dir='ltr'><strong>subura-stuic</strong></span> <span class='ocrx_word' id='word_1_125' title='bbox 1009 1761 1146 1842; x_wconf 73' lang='lat' dir='ltr'><strong>campas,</strong></span> <span class='ocrx_word' id='word_1_126' title='bbox 1174 1761 1261 1822; x_wconf 91' lang='lat' dir='ltr'><strong>unde</strong></span> <span class='ocrx_word' id='word_1_127' title='bbox 1279 1759 1353 1821; x_wconf 88' lang='lat' dir='ltr'><strong>inI</strong></span> 
     </span>
     <span class='ocr_line' id='line_1_15' title="bbox 183 1861 1349 1946; baseline -0.001 -19"><span class='ocrx_word' id='word_1_128' title='bbox 183 1865 239 1927; x_wconf 85' lang='lat' dir='ltr'><strong>suh</strong></span> <span class='ocrx_word' id='word_1_129' title='bbox 255 1864 351 1926; x_wconf 79' lang='lat' dir='ltr'><strong>haras</strong></span> <span class='ocrx_word' id='word_1_130' title='bbox 366 1862 400 1925; x_wconf 81' lang='lat' dir='ltr'><strong>lu</strong></span> <span class='ocrx_word' id='word_1_131' title='bbox 414 1861 465 1925; x_wconf 83' lang='lat' dir='ltr'><strong>lu&#39;s</strong></span> <span class='ocrx_word' id='word_1_132' title='bbox 481 1863 618 1944; x_wconf 81' lang='lat' dir='ltr'><strong>campis,</strong></span> <span class='ocrx_word' id='word_1_133' title='bbox 643 1863 678 1924; x_wconf 90' lang='lat' dir='ltr'><strong>in</strong></span> <span class='ocrx_word' id='word_1_134' title='bbox 693 1870 731 1926; x_wconf 94' lang='lat' dir='ltr'><em>N</em></span> <span class='ocrx_word' id='word_1_135' title='bbox 747 1885 823 1926; x_wconf 89' lang='lat' dir='ltr'><strong>uero</strong></span> <span class='ocrx_word' id='word_1_136' title='bbox 845 1864 902 1926; x_wconf 82' lang='lat' dir='ltr'><strong>sub</strong></span> <span class='ocrx_word' id='word_1_137' title='bbox 922 1865 1064 1926; x_wconf 73' lang='lat' dir='ltr'><strong>artusinis</strong></span> <span class='ocrx_word' id='word_1_138' title='bbox 1086 1863 1206 1946; x_wconf 74' lang='lat' dir='ltr'><strong>campis</strong></span> <span class='ocrx_word' id='word_1_139' title='bbox 1227 1864 1349 1926; x_wconf 82' lang='lat' dir='ltr'><strong>lactum</strong></span> 
     </span>
     <span class='ocr_line' id='line_1_16' title="bbox 184 1968 1403 2054; baseline 0.001 -22"><span class='ocrx_word' id='word_1_140' title='bbox 184 1980 242 2033; x_wconf 91' lang='lat' dir='ltr'><strong>cst.</strong></span> <span class='ocrx_word' id='word_1_141' title='bbox 268 1990 462 2051; x_wconf 88' lang='lat' dir='ltr'><strong>quamquam</strong></span> <span class='ocrx_word' id='word_1_142' title='bbox 484 1969 571 2030; x_wconf 89' lang='lat' dir='ltr'><strong>euim</strong></span> <span class='ocrx_word' id='word_1_143' title='bbox 592 1970 631 2030; x_wconf 90' lang='lat' dir='ltr'><strong>de</strong></span> <span class='ocrx_word' id='word_1_144' title='bbox 652 1968 802 2031; x_wconf 87' lang='lat' dir='ltr'><strong>Arusinis</strong></span> <span class='ocrx_word' id='word_1_145' title='bbox 824 1968 956 2051; x_wconf 81' lang='lat' dir='ltr'><strong>campis‘</strong></span> <span class='ocrx_word' id='word_1_146' title='bbox 966 1968 1108 2032; x_wconf 88' lang='lat' dir='ltr'><strong>dubitari</strong></span> <span class='ocrx_word' id='word_1_147' title='bbox 1128 1969 1260 2054; x_wconf 85' lang='lat' dir='ltr'><strong>nequit,</strong></span> <span class='ocrx_word' id='word_1_148' title='bbox 1291 1970 1349 2032; x_wconf 84' lang='lat' dir='ltr'><strong>sul</strong></span> <span class='ocrx_word' id='word_1_149' title='bbox 1399 2025 1403 2033; x_wconf 78' lang='grc'>,</span> 
     </span>
     <span class='ocr_line' id='line_1_17' title="bbox 185 2067 1349 2160; baseline 0 -24"><span class='ocrx_word' id='word_1_150' title='bbox 185 2084 416 2160; x_wconf 85' lang='lat' dir='ltr'><strong>tamenaperte</strong></span> <span class='ocrx_word' id='word_1_151' title='bbox 432 2067 555 2136; x_wconf 48' lang='lat' dir='ltr'><strong>falsum¹</strong></span> <span class='ocrx_word' id='word_1_152' title='bbox 564 2082 612 2136; x_wconf 92' lang='lat' dir='ltr'><strong>est</strong></span> <span class='ocrx_word' id='word_1_153' title='bbox 626 2109 669 2120; x_wconf 78' lang='lat'><strong>--</strong></span> <span class='ocrx_word' id='word_1_154' title='bbox 684 2095 761 2135; x_wconf 89' lang='lat' dir='ltr'><strong>nam</strong></span> <span class='ocrx_word' id='word_1_155' title='bbox 771 2075 830 2136; x_wconf 83' lang='lat' dir='ltr'><strong>sul</strong></span> <span class='ocrx_word' id='word_1_156' title='bbox 841 2074 962 2156; x_wconf 80' lang='lat' dir='ltr'><strong>canapis</strong></span> <span class='ocrx_word' id='word_1_157' title='bbox 969 2096 1119 2158; x_wconf 75' lang='lat' dir='ltr'><strong>paquara</strong></span> <span class='ocrx_word' id='word_1_158' title='bbox 1133 2084 1171 2136; x_wconf 93' lang='lat' dir='ltr'><strong>ut</strong></span> <span class='ocrx_word' id='word_1_159' title='bbox 1185 2084 1270 2136; x_wconf 89' lang='lat' dir='ltr'><strong>recte</strong></span> <span class='ocrx_word' id='word_1_160' title='bbox 1285 2074 1349 2136; x_wconf 90' lang='lat' dir='ltr'><strong>dici</strong></span> 
     </span>
     <span class='ocr_line' id='line_1_18' title="bbox 183 2165 1346 2263; baseline 0 -21"><span class='ocrx_word' id='word_1_161' title='bbox 183 2179 284 2262; x_wconf 87' lang='lat' dir='ltr'><strong>possit</strong></span> <span class='ocrx_word' id='word_1_162' title='bbox 299 2179 450 2241; x_wconf 86' lang='lat' dir='ltr'><strong>Dukerus</strong></span> <span class='ocrx_word' id='word_1_163' title='bbox 466 2165 620 2261; x_wconf 86' lang='lat' dir='ltr'><strong>exemplis</strong></span> <span class='ocrx_word' id='word_1_164' title='bbox 635 2179 701 2243; x_wconf 89' lang='lat' dir='ltr'><strong>suis</strong></span> <span class='ocrx_word' id='word_1_165' title='bbox 716 2202 783 2243; x_wconf 89' lang='lat' dir='ltr'><strong>non</strong></span> <span class='ocrx_word' id='word_1_166' title='bbox 798 2180 897 2242; x_wconf 89' lang='lat' dir='ltr'><strong>euicit</strong></span> <span class='ocrx_word' id='word_1_167' title='bbox 912 2215 952 2226; x_wconf 93' lang='lat'><em>-</em></span> <span class='ocrx_word' id='word_1_168' title='bbox 968 2191 1001 2243; x_wconf 89' lang='lat' dir='ltr'><strong>et</strong></span> <span class='ocrx_word' id='word_1_169' title='bbox 1016 2202 1055 2242; x_wconf 87' lang='lat' dir='ltr'><strong>ex</strong></span> <span class='ocrx_word' id='word_1_170' title='bbox 1070 2181 1126 2263; x_wconf 80' lang='lat' dir='ltr'><strong>syl</strong></span> <span class='ocrx_word' id='word_1_171' title='bbox 1141 2178 1199 2242; x_wconf 92' lang='lat' dir='ltr'><strong>illo</strong></span> <span class='ocrx_word' id='word_1_172' title='bbox 1213 2181 1346 2255; x_wconf 86' lang='lat' dir='ltr'><strong>factum,</strong></span> 
     </span>
     <span class='ocr_line' id='line_1_19' title="bbox 184 2283 1346 2368; baseline 0.002 -22"><span class='ocrx_word' id='word_1_173' title='bbox 184 2287 270 2368; x_wconf 90' lang='lat' dir='ltr'><strong>quod</strong></span> <span class='ocrx_word' id='word_1_174' title='bbox 285 2283 496 2366; x_wconf 84' lang='lat' dir='ltr'><strong>corruptelam</strong></span> <span class='ocrx_word' id='word_1_175' title='bbox 510 2283 651 2360; x_wconf 86' lang='lat' dir='ltr'><strong>indicat,</strong></span> <span class='ocrx_word' id='word_1_176' title='bbox 675 2307 772 2368; x_wconf 84' lang='lat' dir='ltr'><strong>qnam</strong></span> <span class='ocrx_word' id='word_1_177' title='bbox 793 2285 1001 2367; x_wconf 81' lang='lat' dir='ltr'><strong>probabiliter</strong></span> <span class='ocrx_word' id='word_1_178' title='bbox 1021 2286 1190 2348; x_wconf 88' lang='lat' dir='ltr'><strong>emendare</strong></span> <span class='ocrx_word' id='word_1_179' title='bbox 1211 2307 1346 2368; x_wconf 84' lang='lat' dir='ltr'><strong>nequeo.</strong></span> 
     </span>
     <span class='ocr_line' id='line_1_20' title="bbox 182 2389 1349 2472; baseline 0.001 -20"><span class='ocrx_word' id='word_1_180' title='bbox 182 2390 276 2452; x_wconf 85' lang='lat' dir='ltr'><strong>facile</strong></span> <span class='ocrx_word' id='word_1_181' title='bbox 292 2390 422 2472; x_wconf 91' lang='lat' dir='ltr'><strong>quidem</strong></span> <span class='ocrx_word' id='word_1_182' title='bbox 437 2389 605 2470; x_wconf 86' lang='lat' dir='ltr'><strong>suspiceris</strong></span> <span class='ocrx_word' id='word_1_183' title='bbox 626 2390 793 2454; x_wconf 88' lang='lat' dir='ltr'><strong>librarium</strong></span> <span class='ocrx_word' id='word_1_184' title='bbox 815 2393 975 2472; x_wconf 90' lang='lat' dir='ltr'><strong>quendam</strong></span> <span class='ocrx_word' id='word_1_185' title='bbox 996 2391 1035 2451; x_wconf 90' lang='lat' dir='ltr'><strong>de</strong></span> <span class='ocrx_word' id='word_1_186' title='bbox 1057 2390 1172 2471; x_wconf 84' lang='lat' dir='ltr'><strong>Sybari</strong></span> <span class='ocrx_word' id='word_1_187' title='bbox 1194 2391 1349 2472; x_wconf 81' lang='lat' dir='ltr'><strong>cogitasse</strong></span> 
     </span>
     <span class='ocr_line' id='line_1_21' title="bbox 184 2494 1350 2578; baseline -0.003 -20"><span class='ocrx_word' id='word_1_188' title='bbox 184 2505 215 2558; x_wconf 91' lang='lat' dir='ltr'><strong>et</strong></span> <span class='ocrx_word' id='word_1_189' title='bbox 230 2496 351 2576; x_wconf 83' lang='lat' dir='ltr'><strong>quodp</strong></span> <span class='ocrx_word' id='word_1_190' title='bbox 368 2499 420 2567; x_wconf 85' lang='lat'><strong>63,</strong></span> <span class='ocrx_word' id='word_1_191' title='bbox 442 2499 478 2556; x_wconf 78' lang='lat'><strong>13</strong></span> <span class='ocrx_word' id='word_1_192' title='bbox 500 2494 620 2556; x_wconf 81' lang='lat' dir='ltr'><strong>lactum</strong></span> <span class='ocrx_word' id='word_1_193' title='bbox 644 2517 711 2557; x_wconf 89' lang='lat' dir='ltr'><strong>esse</strong></span> <span class='ocrx_word' id='word_1_194' title='bbox 727 2495 886 2569; x_wconf 89' lang='lat' dir='ltr'><strong>uidimus,</strong></span> <span class='ocrx_word' id='word_1_195' title='bbox 904 2504 941 2556; x_wconf 92' lang='lat' dir='ltr'><strong>ut</strong></span> <span class='ocrx_word' id='word_1_196' title='bbox 961 2515 1020 2575; x_wconf 88' lang='lat' dir='ltr'><strong>pro</strong></span> <span class='ocrx_word' id='word_1_197' title='bbox 1035 2495 1165 2578; x_wconf 77' lang='lat' dir='ltr'><strong>Haemo</strong></span> <span class='ocrx_word' id='word_1_198' title='bbox 1187 2495 1350 2556; x_wconf 83' lang='lat' dir='ltr'><strong>Caucasus</strong></span> 
     </span>
     <span class='ocr_line' id='line_1_22' title="bbox 183 2596 1350 2676; baseline 0 -17"><span class='ocrx_word' id='word_1_199' title='bbox 183 2599 353 2676; x_wconf 73' lang='lat' dir='ltr'><strong>inferretur</strong></span> <span class='ocrx_word' id='word_1_200' title='bbox 368 2597 491 2660; x_wconf 83' lang='lat' dir='ltr'><strong>atinde</strong></span> <span class='ocrx_word' id='word_1_201' title='bbox 513 2601 693 2659; x_wconf 86' lang='lat' dir='ltr'><strong>monstrum</strong></span> <span class='ocrx_word' id='word_1_202' title='bbox 714 2598 862 2660; x_wconf 89' lang='lat' dir='ltr'><strong>lectionis</strong></span> <span class='ocrx_word' id='word_1_203' title='bbox 878 2614 1061 2660; x_wconf 76' lang='lat' dir='ltr'><strong>causantem</strong></span> <span class='ocrx_word' id='word_1_204' title='bbox 1084 2596 1236 2673; x_wconf 89' lang='lat' dir='ltr'><strong>oriretur,</strong></span> <span class='ocrx_word' id='word_1_205' title='bbox 1263 2597 1350 2659; x_wconf 88' lang='lat' dir='ltr'><strong>idem</strong></span> 
     </span>
     <span class='ocr_line' id='line_1_23' title="bbox 183 2701 1350 2785; baseline 0 -19"><span class='ocrx_word' id='word_1_206' title='bbox 183 2701 330 2766; x_wconf 90' lang='lat' dir='ltr'><strong>hocloco</strong></span> <span class='ocrx_word' id='word_1_207' title='bbox 346 2701 502 2764; x_wconf 88' lang='lat' dir='ltr'><strong>euenisse.</strong></span> <span class='ocrx_word' id='word_1_208' title='bbox 535 2721 649 2763; x_wconf 89' lang='lat' dir='ltr'><strong>uerum</strong></span> <span class='ocrx_word' id='word_1_209' title='bbox 663 2701 738 2764; x_wconf 90' lang='lat' dir='ltr'><strong>inde</strong></span> <span class='ocrx_word' id='word_1_210' title='bbox 762 2704 907 2765; x_wconf 89' lang='lat' dir='ltr'><strong>nondum</strong></span> <span class='ocrx_word' id='word_1_211' title='bbox 929 2701 1128 2785; x_wconf 80' lang='lat' dir='ltr'><strong>explicatur,</strong></span> <span class='ocrx_word' id='word_1_212' title='bbox 1151 2703 1208 2784; x_wconf 89' lang='lat' dir='ltr'><strong>qui</strong></span> <span class='ocrx_word' id='word_1_213' title='bbox 1227 2704 1350 2766; x_wconf 84' lang='lat' dir='ltr'><strong>factum</strong></span> 
     </span>
     <span class='ocr_line' id='line_1_24' title="bbox 183 2803 1350 2892; baseline -0.001 -20"><span class='ocrx_word' id='word_1_214' title='bbox 183 2808 226 2872; x_wconf 88' lang='lat' dir='ltr'><strong>sit</strong></span> <span class='ocrx_word' id='word_1_215' title='bbox 240 2819 277 2870; x_wconf 90' lang='lat' dir='ltr'><strong>ut</strong></span> <span class='ocrx_word' id='word_1_216' title='bbox 291 2803 483 2890; x_wconf 76' lang='lat' dir='ltr'><strong>praepositio</strong></span> <span class='ocrx_word' id='word_1_217' title='bbox 496 2816 636 2888; x_wconf 88' lang='lat' dir='ltr'><strong>quaeest</strong></span> <span class='ocrx_word' id='word_1_218' title='bbox 651 2808 696 2883; x_wconf 84' lang='lat' dir='ltr'><strong>ln,</strong></span> <span class='ocrx_word' id='word_1_219' title='bbox 715 2831 778 2890; x_wconf 88' lang='lat' dir='ltr'><strong>qua</strong></span> <span class='ocrx_word' id='word_1_220' title='bbox 792 2831 859 2872; x_wconf 91' lang='lat' dir='ltr'><strong>non</strong></span> <span class='ocrx_word' id='word_1_221' title='bbox 873 2808 968 2871; x_wconf 89' lang='lat' dir='ltr'><strong>uideo</strong></span> <span class='ocrx_word' id='word_1_222' title='bbox 978 2806 1148 2890; x_wconf 82' lang='lat' dir='ltr'><strong>quomodo</strong></span> <span class='ocrx_word' id='word_1_223' title='bbox 1159 2830 1264 2870; x_wconf 86' lang='lat' dir='ltr'><strong>carere</strong></span> <span class='ocrx_word' id='word_1_224' title='bbox 1278 2830 1350 2892; x_wconf 89' lang='lat' dir='ltr'><strong>pos·</strong></span> 
     </span>
     <span class='ocr_line' id='line_1_25' title="bbox 184 2911 1349 2998; baseline 0 -22"><span class='ocrx_word' id='word_1_225' title='bbox 184 2914 246 2990; x_wconf 91' lang='lat' dir='ltr'><strong>sis,</strong></span> <span class='ocrx_word' id='word_1_226' title='bbox 264 2914 380 2978; x_wconf 86' lang='lat' dir='ltr'><strong>omissa</strong></span> <span class='ocrx_word' id='word_1_227' title='bbox 396 2913 448 2977; x_wconf 90' lang='lat' dir='ltr'><strong>sit.</strong></span> <span class='ocrx_word' id='word_1_228' title='bbox 479 2911 601 2976; x_wconf 88' lang='lat' dir='ltr'><strong>aceedit</strong></span> <span class='ocrx_word' id='word_1_229' title='bbox 616 2912 716 2989; x_wconf 88' lang='lat' dir='ltr'><strong>illud,</strong></span> <span class='ocrx_word' id='word_1_230' title='bbox 741 2917 828 2997; x_wconf 89' lang='lat' dir='ltr'><strong>quod</strong></span> <span class='ocrx_word' id='word_1_231' title='bbox 849 2937 871 2998; x_wconf 93' lang='lat' dir='ltr'><strong>p</strong></span> <span class='ocrx_word' id='word_1_232' title='bbox 888 2921 940 2990; x_wconf 85' lang='lat'><strong>51,</strong></span> <span class='ocrx_word' id='word_1_233' title='bbox 959 2918 997 2973; x_wconf 83' lang='grc'><strong>26</strong></span> <span class='ocrx_word' id='word_1_234' title='bbox 1021 2913 1077 2975; x_wconf 86' lang='lat' dir='ltr'><strong>ubi</strong></span> <span class='ocrx_word' id='word_1_235' title='bbox 1097 2920 1136 2976; x_wconf 90' lang='lat' dir='ltr'><em>N</em></span> <span class='ocrx_word' id='word_1_236' title='bbox 1152 2913 1284 2975; x_wconf 81' lang='lat' dir='ltr'><strong>exhibet</strong></span> <span class='ocrx_word' id='word_1_237' title='bbox 1300 2912 1349 2976; x_wconf 86' lang='lat' dir='ltr'><strong>ln·</strong></span> 
     </span>
     <span class='ocr_line' id='line_1_26' title="bbox 185 3017 1388 3105; baseline -0.001 -25"><span class='ocrx_word' id='word_1_238' title='bbox 185 3019 286 3095; x_wconf 74' lang='lat' dir='ltr'><strong>iuria,</strong></span> <span class='ocrx_word' id='word_1_239' title='bbox 311 3022 396 3102; x_wconf 92' lang='lat' dir='ltr'><strong>quod</strong></span> <span class='ocrx_word' id='word_1_240' title='bbox 410 3031 534 3082; x_wconf 91' lang='lat' dir='ltr'><strong>rectum</strong></span> <span class='ocrx_word' id='word_1_241' title='bbox 548 3041 616 3082; x_wconf 87' lang='lat' dir='ltr'><strong>esse</strong></span> <span class='ocrx_word' id='word_1_242' title='bbox 630 3041 697 3082; x_wconf 87' lang='lat' dir='ltr'><strong>uon</strong></span> <span class='ocrx_word' id='word_1_243' title='bbox 711 3029 816 3102; x_wconf 91' lang='lat' dir='ltr'><strong>potest</strong></span> <span class='ocrx_word' id='word_1_244' title='bbox 837 3058 879 3068; x_wconf 96' lang='lat'>-</span> <span class='ocrx_word' id='word_1_245' title='bbox 900 3019 972 3103; x_wconf 93' lang='lat' dir='ltr'><strong>quis</strong></span> <span class='ocrx_word' id='word_1_246' title='bbox 992 3019 1080 3082; x_wconf 89' lang='lat' dir='ltr'><strong>enim</strong></span> <span class='ocrx_word' id='word_1_247' title='bbox 1102 3017 1191 3080; x_wconf 87' lang='lat' dir='ltr'><strong>urbis</strong></span> <span class='ocrx_word' id='word_1_248' title='bbox 1213 3017 1349 3080; x_wconf 88' lang='lat' dir='ltr'><strong>euersio·</strong></span> <span class='ocrx_word' id='word_1_249' title='bbox 1383 3100 1388 3105; x_wconf 21' lang='grc' dir='ltr'><strong><em>ι</em></strong></span> 
     </span>
     <span class='ocr_line' id='line_1_27' title="bbox 184 3122 1349 3208; baseline -0.002 -22"><span class='ocrx_word' id='word_1_250' title='bbox 184 3147 259 3186; x_wconf 90' lang='lat' dir='ltr'><strong>nem</strong></span> <span class='ocrx_word' id='word_1_251' title='bbox 273 3125 390 3189; x_wconf 86' lang='lat' dir='ltr'><strong>dixerit</strong></span> <span class='ocrx_word' id='word_1_252' title='bbox 404 3126 558 3188; x_wconf 85' lang='lat' dir='ltr'><strong>iniuriam</strong></span> <span class='ocrx_word' id='word_1_253' title='bbox 587 3124 616 3186; x_wconf 90' lang='lat' dir='ltr'><strong>ei</strong></span> <span class='ocrx_word' id='word_1_254' title='bbox 630 3124 784 3188; x_wconf 73' lang='lat' dir='ltr'><strong>inlatam?</strong></span> <span class='ocrx_word' id='word_1_255' title='bbox 802 3163 860 3201; x_wconf 88' lang='lat'><strong>·-,</strong></span> <span class='ocrx_word' id='word_1_256' title='bbox 876 3125 913 3187; x_wconf 93' lang='lat' dir='ltr'><strong>in</strong></span> <span class='ocrx_word' id='word_1_257' title='bbox 933 3133 964 3187; x_wconf 89' lang='lat' dir='ltr'><em>B</em></span> <span class='ocrx_word' id='word_1_258' title='bbox 985 3123 1141 3206; x_wconf 87' lang='lat' dir='ltr'><strong>scriptum</strong></span> <span class='ocrx_word' id='word_1_259' title='bbox 1164 3134 1213 3186; x_wconf 87' lang='lat' dir='ltr'><strong>est</strong></span> <span class='ocrx_word' id='word_1_260' title='bbox 1227 3122 1349 3208; x_wconf 77' lang='lat' dir='ltr'><strong>sylniu·</strong></span> 
     </span>
     <span class='ocr_line' id='line_1_28' title="bbox 183 3222 1351 3314; baseline -0.002 -23"><span class='ocrx_word' id='word_1_261' title='bbox 183 3222 245 3292; x_wconf 79' lang='lat' dir='ltr'><strong>ria.</strong></span> <span class='ocrx_word' id='word_1_262' title='bbox 270 3241 302 3293; x_wconf 92' lang='lat' dir='ltr'><strong>et</strong></span> <span class='ocrx_word' id='word_1_263' title='bbox 317 3231 413 3294; x_wconf 82' lang='lat' dir='ltr'><strong>ruina</strong></span> <span class='ocrx_word' id='word_1_264' title='bbox 429 3231 574 3314; x_wconf 90' lang='lat' dir='ltr'><strong>quidem,</strong></span> <span class='ocrx_word' id='word_1_265' title='bbox 589 3233 674 3312; x_wconf 91' lang='lat' dir='ltr'><strong>quod</strong></span> <span class='ocrx_word' id='word_1_266' title='bbox 685 3230 1002 3313; x_wconf 88' lang='lat' dir='ltr'><strong>Hauptius-inuenit,</strong></span> <span class='ocrx_word' id='word_1_267' title='bbox 1019 3251 1173 3312; x_wconf 88' lang='lat' dir='ltr'><strong>perquam</strong></span> <span class='ocrx_word' id='word_1_268' title='bbox 1186 3227 1351 3310; x_wconf 88' lang='lat' dir='ltr'><strong>probabile</strong></span> 
     </span>
     <span class='ocr_line' id='line_1_29' title="bbox 184 3335 1347 3418; baseline -0.003 -20"><span class='ocrx_word' id='word_1_269' title='bbox 184 3346 251 3410; x_wconf 90' lang='lat' dir='ltr'><strong>est,</strong></span> <span class='ocrx_word' id='word_1_270' title='bbox 269 3337 325 3398; x_wconf 90' lang='lat' dir='ltr'><strong>sed</strong></span> <span class='ocrx_word' id='word_1_271' title='bbox 339 3336 457 3398; x_wconf 90' lang='lat' dir='ltr'><strong>mirum</strong></span> <span class='ocrx_word' id='word_1_272' title='bbox 471 3336 554 3398; x_wconf 89' lang='lat' dir='ltr'><strong>illud</strong></span> <span class='ocrx_word' id='word_1_273' title='bbox 568 3357 604 3418; x_wconf 74' lang='lat' dir='ltr'><strong>sy</strong></span> <span class='ocrx_word' id='word_1_274' title='bbox 620 3359 729 3398; x_wconf 86' lang='lat' dir='ltr'><strong>rursus</strong></span> <span class='ocrx_word' id='word_1_275' title='bbox 751 3335 905 3418; x_wconf 84' lang='lat' dir='ltr'><strong>explicari</strong></span> <span class='ocrx_word' id='word_1_276' title='bbox 927 3335 1051 3417; x_wconf 91' lang='lat' dir='ltr'><strong>nequit.</strong></span> <span class='ocrx_word' id='word_1_277' title='bbox 1088 3344 1122 3396; x_wconf 84' lang='lat' dir='ltr'><strong>at</strong></span> <span class='ocrx_word' id='word_1_278' title='bbox 1142 3336 1227 3417; x_wconf 89' lang='lat' dir='ltr'><strong>quod</strong></span> <span class='ocrx_word' id='word_1_279' title='bbox 1248 3356 1270 3416; x_wconf 92' lang='lat' dir='ltr'><strong>p</strong></span> <span class='ocrx_word' id='word_1_280' title='bbox 1294 3339 1347 3408; x_wconf 86' lang='grc'><strong>69,</strong></span> 
     </span>
     <span class='ocr_line' id='line_1_30' title="bbox 188 3437 1349 3522; baseline -0.003 -21"><span class='ocrx_word' id='word_1_281' title='bbox 188 3445 225 3501; x_wconf 87' lang='grc'><strong>16</strong></span> <span class='ocrx_word' id='word_1_282' title='bbox 247 3440 468 3522; x_wconf 72' lang='lat' dir='ltr'><strong>Eleythernan</strong></span> <span class='ocrx_word' id='word_1_283' title='bbox 496 3438 614 3519; x_wconf 82' lang='lat' dir='ltr'><strong>legitur</strong></span> <span class='ocrx_word' id='word_1_284' title='bbox 636 3440 727 3521; x_wconf 87' lang='lat' dir='ltr'><strong>qnasi</strong></span> <span class='ocrx_word' id='word_1_285' title='bbox 749 3462 789 3501; x_wconf 90' lang='lat' dir='ltr'><strong>ex</strong></span> <span class='ocrx_word' id='word_1_286' title='bbox 811 3441 880 3502; x_wconf 89' lang='lat' dir='ltr'><strong>eius</strong></span> <span class='ocrx_word' id='word_1_287' title='bbox 901 3440 1052 3514; x_wconf 88' lang='lat' dir='ltr'><strong>consilio,</strong></span> <span class='ocrx_word' id='word_1_288' title='bbox 1081 3440 1137 3521; x_wconf 91' lang='lat' dir='ltr'><strong>qui</strong></span> <span class='ocrx_word' id='word_1_289' title='bbox 1158 3439 1194 3499; x_wconf 90' lang='lat' dir='ltr'><strong>in</strong></span> <span class='ocrx_word' id='word_1_290' title='bbox 1215 3437 1349 3500; x_wconf 88' lang='lat' dir='ltr'><strong>Graecis</strong></span> 
     </span>
     <span class='ocr_line' id='line_1_31' title="bbox 184 3541 1349 3632; baseline -0.003 -27"><span class='ocrx_word' id='word_1_291' title='bbox 184 3543 349 3632; x_wconf 82' lang='lat' dir='ltr'><strong>uocabulis</strong></span> <span class='ocrx_word' id='word_1_292' title='bbox 366 3553 402 3604; x_wconf 91' lang='lat' dir='ltr'><strong>ut</strong></span> <span class='ocrx_word' id='word_1_293' title='bbox 418 3543 518 3604; x_wconf 90' lang='lat' dir='ltr'><strong>tutius</strong></span> <span class='ocrx_word' id='word_1_294' title='bbox 534 3563 657 3624; x_wconf 87' lang='lat' dir='ltr'><strong>semper</strong></span> <span class='ocrx_word' id='word_1_295' title='bbox 670 3567 691 3627; x_wconf 77' lang='lat' dir='ltr'><em>y</em></span> <span class='ocrx_word' id='word_1_296' title='bbox 706 3543 848 3605; x_wconf 87' lang='lat' dir='ltr'><strong>litteram</strong></span> <span class='ocrx_word' id='word_1_297' title='bbox 861 3545 1045 3624; x_wconf 89' lang='lat' dir='ltr'><strong>ponendam</strong></span> <span class='ocrx_word' id='word_1_298' title='bbox 1063 3543 1176 3616; x_wconf 88' lang='lat' dir='ltr'><strong>duxit,</strong></span> <span class='ocrx_word' id='word_1_299' title='bbox 1203 3541 1238 3602; x_wconf 78' lang='lat' dir='ltr'><strong>id</strong></span> <span class='ocrx_word' id='word_1_300' title='bbox 1259 3551 1349 3622; x_wconf 89' lang='lat' dir='ltr'><strong>typo-</strong></span> 
     </span>
     <span class='ocr_line' id='line_1_32' title="bbox 186 3647 621 3712; baseline -0.009 0"><span class='ocrx_word' id='word_1_301' title='bbox 186 3649 294 3712; x_wconf 89' lang='lat' dir='ltr'><strong>thetae</strong></span> <span class='ocrx_word' id='word_1_302' title='bbox 310 3669 412 3710; x_wconf 90' lang='lat' dir='ltr'><strong>errore</strong></span> <span class='ocrx_word' id='word_1_303' title='bbox 427 3647 548 3708; x_wconf 84' lang='lat' dir='ltr'><strong>factum</strong></span> <span class='ocrx_word' id='word_1_304' title='bbox 564 3656 621 3709; x_wconf 87' lang='lat' dir='ltr'><strong>est.</strong></span> 
     </span>
    </p>

    <p class='ocr_par' dir='ltr' id='par_1_5' title="bbox 185 3749 1430 4056">
     <span class='ocr_line' id='line_1_33' title="bbox 270 3749 1350 3835; baseline -0.005 -17"><span class='ocrx_word' id='word_1_305' title='bbox 270 3753 453 3818; x_wconf 87' lang='lat' dir='ltr'><strong>Discrimen</strong></span> <span class='ocrx_word' id='word_1_306' title='bbox 479 3753 581 3828; x_wconf 91' lang='lat' dir='ltr'><strong>illud,</strong></span> <span class='ocrx_word' id='word_1_307' title='bbox 606 3754 692 3835; x_wconf 92' lang='lat' dir='ltr'><strong>qucd</strong></span> <span class='ocrx_word' id='word_1_308' title='bbox 713 3750 798 3814; x_wconf 84' lang='lat' dir='ltr'><strong>inter</strong></span> <span class='ocrx_word' id='word_1_309' title='bbox 817 3760 848 3814; x_wconf 90' lang='lat' dir='ltr'><em>B</em></span> <span class='ocrx_word' id='word_1_310' title='bbox 871 3760 904 3816; x_wconf 88' lang='lat' dir='ltr'><strong>et</strong></span> <span class='ocrx_word' id='word_1_311' title='bbox 924 3758 962 3814; x_wconf 94' lang='lat' dir='ltr'><em>N</em></span> <span class='ocrx_word' id='word_1_312' title='bbox 980 3751 1167 3825; x_wconf 81' lang='lat' dir='ltr'><strong>intercedit,</strong></span> <span class='ocrx_word' id='word_1_313' title='bbox 1196 3749 1293 3812; x_wconf 86' lang='lat' dir='ltr'><strong>etiam</strong></span> <span class='ocrx_word' id='word_1_314' title='bbox 1314 3749 1350 3813; x_wconf 89' lang='lat' dir='ltr'><strong>in</strong></span> 
     </span>
     <span class='ocr_line' id='line_1_34' title="bbox 185 3857 1349 3943; baseline -0.005 -20"><span class='ocrx_word' id='word_1_315' title='bbox 185 3861 376 3943; x_wconf 85' lang='lat' dir='ltr'><strong>quibusdam</strong></span> <span class='ocrx_word' id='word_1_316' title='bbox 390 3861 485 3922; x_wconf 90' lang='lat' dir='ltr'><strong>rebus</strong></span> <span class='ocrx_word' id='word_1_317' title='bbox 508 3857 763 3941; x_wconf 84' lang='lat' dir='ltr'><strong>orthographicis</strong></span> <span class='ocrx_word' id='word_1_318' title='bbox 787 3859 955 3920; x_wconf 88' lang='lat' dir='ltr'><strong>obseruare</strong></span> <span class='ocrx_word' id='word_1_319' title='bbox 977 3858 1063 3921; x_wconf 89' lang='lat' dir='ltr'><strong>licet.</strong></span> <span class='ocrx_word' id='word_1_320' title='bbox 1102 3857 1149 3919; x_wconf 85' lang='lat' dir='ltr'><strong>ita</strong></span> <span class='ocrx_word' id='word_1_321' title='bbox 1171 3877 1245 3918; x_wconf 90' lang='lat' dir='ltr'><strong>oum</strong></span> <span class='ocrx_word' id='word_1_322' title='bbox 1267 3857 1349 3918; x_wconf 90' lang='lat' dir='ltr'><strong>anti·</strong></span> 
     </span>
     <span class='ocr_line' id='line_1_35' title="bbox 186 3943 1430 4056; baseline -0.005 -28"><span class='ocrx_word' id='word_1_323' title='bbox 186 3967 294 4049; x_wconf 88' lang='lat' dir='ltr'><strong>quitus</strong></span> <span class='ocrx_word' id='word_1_324' title='bbox 309 3988 375 4028; x_wconf 89' lang='lat' dir='ltr'><strong>non</strong></span> <span class='ocrx_word' id='word_1_325' title='bbox 391 3965 526 4028; x_wconf 89' lang='lat' dir='ltr'><strong>scribere</strong></span> <span class='ocrx_word' id='word_1_326' title='bbox 540 3963 652 4026; x_wconf 89' lang='lat' dir='ltr'><strong>liceret</strong></span> <span class='ocrx_word' id='word_1_327' title='bbox 667 3943 711 4026; x_wconf 82' lang='lat' dir='ltr'><strong>uu</strong></span> <span class='ocrx_word' id='word_1_328' title='bbox 727 3964 782 4026; x_wconf 89' lang='lat' dir='ltr'><strong>sed</strong></span> <span class='ocrx_word' id='word_1_329' title='bbox 796 3985 856 4038; x_wconf 90' lang='lat' dir='ltr'><strong>uc,</strong></span> <span class='ocrx_word' id='word_1_330' title='bbox 871 3969 910 4026; x_wconf 96' lang='lat' dir='ltr'><em>N</em></span> <span class='ocrx_word' id='word_1_331' title='bbox 927 3963 964 4025; x_wconf 91' lang='lat' dir='ltr'><strong>in</strong></span> <span class='ocrx_word' id='word_1_332' title='bbox 984 3963 1031 4026; x_wconf 89' lang='lat' dir='ltr'><strong>eis</strong></span> <span class='ocrx_word' id='word_1_333' title='bbox 1052 3961 1218 4026; x_wconf 87' lang='lat' dir='ltr'><strong>uocabulis</strong></span> <span class='ocrx_word' id='word_1_334' title='bbox 1233 3961 1351 4056; x_wconf 84' lang='lat' dir='ltr'><strong>quibus</strong></span> <span class='ocrx_word' id='word_1_335' title='bbox 1426 3987 1430 3994; x_wconf 59' lang='lat'>¹</span> 
     </span>
    </p>
   </div>
   <div class='ocr_carea' id='block_1_5' title="bbox 185 4067 1458 4152">
    <p class='ocr_par' dir='ltr' id='par_1_6' title="bbox 185 4067 1458 4152">
     <span class='ocr_line' id='line_1_36' title="bbox 185 4067 1458 4152; baseline -0.006 -18"><span class='ocrx_word' id='word_1_336' title='bbox 185 4071 280 4134; x_wconf 89' lang='lat' dir='ltr'><strong>hasce</strong></span> <span class='ocrx_word' id='word_1_337' title='bbox 295 4071 418 4134; x_wconf 87' lang='lat' dir='ltr'><strong>litteras</strong></span> <span class='ocrx_word' id='word_1_338' title='bbox 434 4069 580 4152; x_wconf 88' lang='lat' dir='ltr'><strong>lexcipit</strong></span> <span class='ocrx_word' id='word_1_339' title='bbox 595 4091 661 4131; x_wconf 90' lang='lat' dir='ltr'><strong>non</strong></span> <span class='ocrx_word' id='word_1_340' title='bbox 677 4077 862 4131; x_wconf 85' lang='lat' dir='ltr'><strong>constanter</strong></span> <span class='ocrx_word' id='word_1_341' title='bbox 883 4069 1014 4151; x_wconf 87' lang='lat' dir='ltr'><strong>quidem</strong></span> <span class='ocrx_word' id='word_1_342' title='bbox 1029 4070 1086 4130; x_wconf 90' lang='lat' dir='ltr'><strong>sed</strong></span> <span class='ocrx_word' id='word_1_343' title='bbox 1099 4067 1288 4150; x_wconf 87' lang='lat' dir='ltr'><strong>plerumque</strong></span> <span class='ocrx_word' id='word_1_344' title='bbox 1304 4076 1350 4127; x_wconf 86' lang='lat' dir='ltr'><strong>ta·</strong></span> <span class='ocrx_word' id='word_1_345' title='bbox 1454 4088 1458 4093; x_wconf 88' lang='lat'><em>·</em></span> 
     </span>
    </p>
   </div>
   <div class='ocr_carea' id='block_1_6' title="bbox 185 4172 1351 4468">
    <p class='ocr_par' dir='ltr' id='par_1_7' title="bbox 185 4172 1351 4468">
     <span class='ocr_line' id='line_1_37' title="bbox 185 4172 1347 4262; baseline -0.007 -22"><span class='ocrx_word' id='word_1_346' title='bbox 185 4199 260 4240; x_wconf 89' lang='lat' dir='ltr'><strong>men</strong></span> <span class='ocrx_word' id='word_1_347' title='bbox 275 4199 315 4240; x_wconf 88' lang='lat' dir='ltr'><strong>uc</strong></span> <span class='ocrx_word' id='word_1_348' title='bbox 337 4177 462 4252; x_wconf 80' lang='lat' dir='ltr'><strong>scribit3</strong></span> <span class='ocrx_word' id='word_1_349' title='bbox 495 4185 571 4239; x_wconf 90' lang='lat' dir='ltr'><strong>suut</strong></span> <span class='ocrx_word' id='word_1_350' title='bbox 592 4185 701 4237; x_wconf 86' lang='lat' dir='ltr'><strong>autem</strong></span> <span class='ocrx_word' id='word_1_351' title='bbox 714 4173 794 4236; x_wconf 86' lang='lat' dir='ltr'><strong>haec</strong></span> <span class='ocrx_word' id='word_1_352' title='bbox 809 4173 875 4236; x_wconf 87' lang='lat' dir='ltr'><strong>fere</strong></span> <span class='ocrx_word' id='word_1_353' title='bbox 897 4173 1072 4249; x_wconf 81' lang='lat' dir='ltr'><strong>Volcanus,</strong></span> <span class='ocrx_word' id='word_1_354' title='bbox 1090 4173 1199 4255; x_wconf 65' lang='lat' dir='ltr'><strong>culpo,</strong></span> <span class='ocrx_word' id='word_1_355' title='bbox 1223 4172 1347 4262; x_wconf 80' lang='lat' dir='ltr'><strong>uolnus,</strong></span> 
     </span>
     <span class='ocr_line' id='line_1_38' title="bbox 194 4277 1351 4358; baseline -0.013 -13"><span class='ocrx_word' id='word_1_356' title='bbox 194 4281 312 4358; x_wconf 80' lang='lat' dir='ltr'><strong>Volsci,</strong></span> <span class='ocrx_word' id='word_1_357' title='bbox 338 4279 486 4356; x_wconf 76' lang='lat' dir='ltr'><strong>Volsinii,</strong></span> <span class='ocrx_word' id='word_1_358' title='bbox 504 4279 792 4356; x_wconf 81' lang='lat' dir='ltr'><strong>reuolsus,.uollus,</strong></span> <span class='ocrx_word' id='word_1_359' title='bbox 818 4277 1013 4341; x_wconf 82' lang='lat' dir='ltr'><strong>Volturcius.</strong></span> <span class='ocrx_word' id='word_1_360' title='bbox 1044 4285 1075 4339; x_wconf 88' lang='lat' dir='ltr'><em>B</em></span> <span class='ocrx_word' id='word_1_361' title='bbox 1095 4285 1208 4348; x_wconf 83' lang='lat' dir='ltr'><strong>contra</strong></span> <span class='ocrx_word' id='word_1_362' title='bbox 1226 4293 1351 4352; x_wconf 84' lang='lat' dir='ltr'><strong>semper</strong></span> 
     </span>
     <span class='ocr_line' id='line_1_39' title="bbox 186 4380 1350 4468; baseline -0.009 -19"><span class='ocrx_word' id='word_1_363' title='bbox 186 4409 230 4449; x_wconf 88' lang='lat' dir='ltr'><strong>uu</strong></span> <span class='ocrx_word' id='word_1_364' title='bbox 245 4386 374 4449; x_wconf 87' lang='lat' dir='ltr'><strong>exhibet</strong></span> <span class='ocrx_word' id='word_1_365' title='bbox 388 4386 452 4448; x_wconf 91' lang='lat' dir='ltr'><strong>nisi</strong></span> <span class='ocrx_word' id='word_1_366' title='bbox 467 4387 552 4468; x_wconf 91' lang='lat' dir='ltr'><strong>quod</strong></span> <span class='ocrx_word' id='word_1_367' title='bbox 573 4384 755 4449; x_wconf 77' lang='lat' dir='ltr'><strong>Volturcius</strong></span> <span class='ocrx_word' id='word_1_368' title='bbox 771 4392 840 4464; x_wconf 87' lang='lat' dir='ltr'><strong>etp</strong></span> <span class='ocrx_word' id='word_1_369' title='bbox 857 4388 908 4457; x_wconf 89' lang='grc'><strong>63,</strong></span> <span class='ocrx_word' id='word_1_370' title='bbox 929 4389 966 4444; x_wconf 90' lang='grc'><strong>13</strong></span> <span class='ocrx_word' id='word_1_371' title='bbox 990 4381 1085 4444; x_wconf 84' lang='lat' dir='ltr'><strong>Volso</strong></span> <span class='ocrx_word' id='word_1_372' title='bbox 1101 4380 1221 4443; x_wconf 84' lang='lat' dir='ltr'><strong>scribit.</strong></span> <span class='ocrx_word' id='word_1_373' title='bbox 1245 4383 1283 4439; x_wconf 96' lang='lat' dir='ltr'><em>N</em></span> <span class='ocrx_word' id='word_1_374' title='bbox 1293 4395 1350 4454; x_wconf 82' lang='lat' dir='ltr'><strong>pr0</strong></span> 
     </span>
    </p>
   </div>
   <div class='ocr_carea' id='block_1_7' title="bbox 0 0 1657 5084">
    <p class='ocr_par' dir='ltr' id='par_1_8' title="bbox 0 0 1657 5084">
     <span class='ocr_line' id='line_1_40' title="bbox 0 0 1657 5084; baseline 0 0"><span class='ocrx_word' id='word_1_375' title='bbox 0 0 1657 5084; x_wconf 95' lang='lat' dir='ltr'><strong> </strong></span> 
     </span>
    </p>
   </div>
  </div>
 </body>
</html>
