3300 5084
300 318 341 377 84
611 403 615 410 ¹
776 323 863 380 ‘rum
877 337 976 379 ruonr

300 484 407 548 statio.
432 506 503 548 ecce
518 484 724 561 Ocriculum,
742 507 813 548 ecce
835 487 1073 561 Grumentum,
1098 485 1360 560 ecce-Faesulae,
1383 505 1455 546 ecce

300 590 441 654 Carseoli
456 589 610 652 Aesernia
621 590 761 652 Nuceria
776 591 925 654 Picentia
938 591 1068 673 penitus
1090 590 1172 653 ferro
1188 601 1220 653 et
1233 590 1311 673 igne
1324 600 1455 652 uastan-

300 708 363 758 tur.
388 697 479 758 fusae
494 695 601 758 Rutili
617 695 739 778 copiae,
756 696 847 760 fusae
863 696 1046 780 Caepionis.
1072 718 1149 758 nam
1169 696 1238 779 ipse
1253 696 1359 760 Iulius
1376 698 1455 758 Cae·

299 825 351 865 sar
366 802 507 865 exercitu
523 801 639 864 amisso
654 823 729 864 cum
744 801 778 862 in
793 804 907 865 urbem
922 811 1074 886 cruentus
1089 802 1259 864 referretur
1279 801 1454 877 miserabili

299 909 411 971 sunere
421 952 430 984 ,
455 906 596 970 mediam
615 928 671 988 per
686 907 774 970 uiam
795 908 923 970 defecit.
964 910 1021 970 sed
1042 929 1160 990 magna
1180 907 1294 990 populi
1317 906 1457 969 Romani
1480 918 1494 966 5

299 1014 446 1089 fortuna,
465 1022 497 1076 et
512 1034 635 1094 semper
649 1012 684 1074 in
699 1012 792 1075 malis
807 1013 927 1090 maior,
953 1013 1029 1076 totis
1051 1015 1158 1089 denuo
1180 1011 1304 1076 uiribus
1321 1035 1455 1074 <consur-

299 1120 406 1193 reaia
425 1118 628 1202 adgressique
644 1117 788 1201 singulos
803 1119 940 1203 populos
956 1120 1038 1183 Cato
1053 1117 1186 1182 discutit
1201 1119 1372 1194 Etruscos,
1389 1118 1455 1180 Ga·

298 1223 408 1286 binius
424 1225 561 1299 MarsoS,
579 1224 684 1287 Carbo
699 1225 859 1298 Lucanos,
878 1224 970 1286 Sulla
985 1223 1146 1287 Samnites
1155 1248 1164 1297 3
1191 1225 1365 1307 Pompeius
1380 1244 1457 1285 uero

301 1329 541 1393 Strabo'omnia
555 1323 693 1392 flammis
709 1328 855 1410 ferroque
877 1330 1051 1412 populatus
1072 1351 1138 1391 non
1160 1329 1249 1411 prius
1272 1332 1371 1392 finem
1386 1351 1455 1391 cae-

300 1434 391 1497 dium
405 1434 499 1511 fecit,
517 1457 612 1518 quam
627 1434 741 1497 Asculi
757 1434 922 1498 euersione
937 1435 1086 1498 manibus
1103 1445 1150 1497 tot
1165 1435 1365 1498 exercituum
1380 1455 1453 1496 con·
1478 1443 1510 1492 10

299 1540 407 1603 sulum
422 1539 827 1624 direptarumqueurbium
842 1541 891 1603 dis
912 1541 1070 1604 litaretur.
1461 1536 1465 1545 ’

621 1764 701 1826 VII.
726 1764 912 1827 BELLVM
929 1763 1134 1852 SERVILE.

181 1967 235 2022 111,
252 1947 290 2009 19
303 1949 482 2032 Hucusque
498 1949 559 2012 etsi
573 1972 648 2012 cum
663 1948 755 2012 sociis
772 1987 813 1996 —-
828 1949 918 2012 nefas
930 1973 1059 2013 -cum
1073 1952 1181 2016 liberis
1198 1962 1306 2014 tamen
1321 1959 1354 2012 et
1368 1948 1457 2030 inge·
1529 1957 1533 2035 1

299 2054 373 2116 nnis
389 2054 576 2117 dimicatum
592 2066 660 2117 est:
687 2056 758 2139 quis
781 2077 883 2138 aequo
898 2056 1006 2120 animo
1027 2058 1109 2120 ferat
1130 2058 1165 2119 in
1179 2055 1325 2139 principe
1339 2053 1459 2137 populo

297 2159 384 2221 bella
406 2160 591 2222 seruorum?
622 2159 762 2242 primum
785 2161 901 2224 seruile
927 2157 1051 2226 bellum
1080 2164 1164 2226 inter
1185 2157 1280 2225 initia
1301 2159 1458 2224 libertatis
1480 2169 1511 2217 15

299 2264 466 2328 Herdonio
481 2267 563 2329 duce
579 2265 699 2329 Sabino
714 2265 750 2328 in
764 2267 836 2349 ipsa
857 2270 936 2330 urbe
957 2279 1152 2352 temptatum
1175 2279 1242 2342 est,
1271 2288 1346 2329 cum
1367 2286 1458 2328 occu-

299 2379 375 2452 pata
390 2370 570 2435 tribuniciis
586 2371 797 2436 seditionibus
814 2372 946 2436 ciuitate
961 2375 1159 2457 Capitolium
1180 2374 1347 2435 obsessum
1361 2381 1410 2434 est
1425 2384 1458 2431 et

253 2458 257 2466 ¹
301 2497 320 2537 a
335 2476 466 2539 consule
481 2487 664 2558 receptum;
690 2478 813 2542 sedhic
836 2480 997 2543 tumultus
1012 2480 1114 2564 magis
1130 2479 1193 2543 fuit
1208 2501 1307 2563 quam
1320 2477 1455 2540 bellum.

206 2647 207 2650 ,
300 2603 377 2645 mox
392 2582 525 2665 irnperio
540 2605 596 2666 per
611 2585 738 2649 diuersa
753 2595 910 2647 terrarum
925 2598 1100 2669 occupato,
1125 2587 1196 2670 quis
1220 2587 1363 2648 crederet
1379 2581 1458 2645 Sici·
1520 2576 1523 2580 ⁴

301 2687 379 2749 liam
393 2688 497 2750 multo
513 2690 677 2754 cruentius
693 2689 803 2752 seruili
826 2711 923 2770 quam
939 2692 1066 2755 Punico
1087 2693 1173 2755 bello
1195 2713 1264 2756 esse
1278 2685 1458 2752 tractatam?
1479 2697 1512 2746 20

301 2802 385 2853 terra
398 2792 530 2873 frugum
544 2793 631 2855 ferax
655 2805 687 2855 et
709 2796 849 2876 quodam
870 2796 966 2857 modo
989 2799 1175 2860 suburbana
1196 2794 1366 2879 prouincia
1387 2791 1459 2855 lati·

302 2895 422 2957 fundiis
439 2895 560 2959 ciuium
575 2900 796 2966 Romanorum
818 2901 998 2963 tenebatur.
1032 2901 1086 2963 hic
1111 2904 1152 2963 ad
1174 2901 1300 2962 cultum
1314 2898 1383 2980 agri
1398 2898 1459 2959 fre-

303 2999 434 3082 quentia
449 3003 610 3083 ergastula
621 3004 824 3086 catenatique
840 3006 978 3068 cultores
988 3005 1157 3067 materiam
1170 3004 1256 3065 bello
1271 3003 1456 3084 praebuere.

304 3107 403 3189 Syrus
426 3105 556 3188 quidam
576 3106 707 3170 nomine
730 3110 899 3194 Eunus-
923 3110 1113 3192 magnitudo
1135 3107 1277 3171 cladium
1302 3106 1398 3181 facit,
1422 3117 1460 3168 ut

303 3212 596 3276 meminerimus-
618 3214 757 3278 fanatico
772 3216 878 3278 surore
901 3215 1053 3278 simulato
1074 3216 1153 3277 dum
1176 3212 1287 3296 Syriae
1309 3214 1387 3274 deae
1409 3234 1461 3275 co·
1482 3224 1515 3273 25

306 3473 316 3520 1
334 3475 502 3521 crumentum
514 3480 534 3520 B
553 3467 561 3538 11
580 3467 703 3538 pessulae
721 3482 740 3521 Β
760 3470 768 3540 11
787 3476 815 3523 et
833 3471 945 3524 carseoli
963 3483 999 3535 Β,
1019 3488 1079 3522 ecce
1097 3468 1213 3540 parseoli
1234 3480 1259 3521 N
1275 3469 1285 3540 11
1304 3464 1462 3520 2Aesernia

303 3553 414 3622 scrtpat':
433 3560 551 3606 reserata
562 3566 589 3617 Β,
603 3562 705 3607 reserat
715 3567 740 3607 N
751 3555 760 3623 1Ι
774 3555 896 3609 Picentia
916 3557 1025 3626 penitus
1041 3555 1199 3626 Hauptiua:
1217 3549 1461 3623 picentimoenibua

303 3651 331 3702 Β,
346 3639 464 3708 picentia
477 3639 604 3692 caedibus
616 3651 639 3691 N
652 3639 660 3709 11
675 3642 689 3690 3
707 3638 805 3692 rutilae
822 3652 842 3691 B
855 3639 864 3710 1
877 3640 999 3711 capionis
1016 3653 1035 3692 B
1053 3640 1063 3710 1
1082 3641 1157 3694 illius
1174 3657 1265 3692 caesar
1284 3651 1319 3702 Β,
1339 3635 1462 3690 Rutilius
1488 3701 1496 3714 ο

305 3723 400 3776 consul
412 3723 612 3776 Fretmtemas
625 3723 660 3793 11.1
671 3724 796 3778 ammisso
804 3738 878 3778 curB
890 3725 900 3795 11
912 3726 1074 3779 elerreturN
1084 3726 1094 3795 11
1106 3723 1254 3777 miserabili
1265 3723 1318 3776 fine
1336 3719 1437 3773 Titziua
1449 3717 1459 3788 ’1

305 3811 320 3858 5
333 3807 449 3860 mediam
462 3825 510 3878 per
520 3808 631 3876 scripu:
650 3809 766 3862 mediam
779 3809 874 3864 urbem
887 3827 934 3880 per
944 3822 988 3862 ΒΝ
1000 3810 1009 3879 11
1029 3809 1129 3863 defecit
1151 3808 1268 3862 Titaiaa:
1285 3805 1351 3859 l'ecit
1367 3816 1412 3857 ΒΝ
1422 3804 1460 3873 16

305 3900 346 3970 est
357 3905 376 3944 Β
389 3894 397 3962 11
412 3893 445 3946 de
464 3907 513 3946 suo
525 3905 549 3944 Ν
561 3893 569 3961 11
589 3893 736 3947 insurrexit
752 3907 775 3948 N
787 3895 796 3964 11
818 3899 831 3946 7
850 3895 954 3966 cinguli
969 3908 994 3950 N
1005 3896 1014 3965 11
1032 3904 1165 3948 ettruacos
1181 3906 1202 3945 Β
1219 3892 1228 3961 11
1247 3890 1374 3960 gauinius
1385 3900 1411 3941 N
1421 3889 1430 3958 11
1444 3891 1459 3940 8

303 3977 372 4048 sylla
382 3990 427 4031 ΒΝ
438 3978 446 4047 11
460 3980 475 4030 9
489 3976 580 4030 strabo
594 3994 659 4029 uero
678 3979 819 4049 pompeius
831 3971 876 4049 Ν1
895 3979 987 4033 strabo
1005 3999 1047 4033 orn
1066 3992 1084 4032 Β
1102 3978 1112 4048 11
1132 3981 1163 4029 10
1181 3976 1247 4029 lecit
1264 3993 1306 4028 om
1317 3986 1343 4026 N
1353 3974 1362 4044 11
1380 3990 1462 4042 quam

303 4062 353 4128 hac
366 4061 507 4115 euersione
519 4074 538 4114 Β
551 4061 560 4131 11
577 4065 607 4113 13
621 4062 762 4134 hucusque
773 4063 886 4134 ambri:
905 4072 1054 4133 utcumque
1070 4076 1102 4127 N,
1121 4061 1151 4115 id
1168 4059 1400 4130 qualitercumque
1417 4058 1459 4127 Β1

304 4164 365 4199 cum
377 4164 420 4198 om
431 4159 451 4198 Β
464 4147 473 4217 11
486 4146 590 4201 libertis
601 4161 621 4201 Β
634 4148 642 4218 11
660 4152 687 4200 11
702 4147 824 4218 principe
837 4149 961 4218 gentium
973 4149 1075 4218 populo
1087 4160 1114 4202 N
1123 4148 1132 4215 11
1148 4149 1179 4198 15
1197 4143 1269 4198 inter
1288 4143 1369 4197 initia
1384 4141 1465 4196 liber-

304 4229 368 4282 tatis
380 4230 477 4300 acrqaat'
483 4253 492 4282 :
506 4232 534 4286 in
546 4233 622 4285 italia
634 4232 741 4297 urbisB,
756 4232 827 4286 inter
839 4233 918 4287 initia
929 4233 1004 4286 urbis
1014 4245 1040 4286 N
1050 4232 1059 4302 11
1075 4229 1215 4286 rasabino
1227 4228 1348 4299 duceNll
1363 4229 1462 4297 180111)-

305 4321 363 4367 tum
374 4327 400 4368 N
410 4317 418 4384 11
432 4319 460 4367 21
478 4323 576 4370 terram
587 4329 606 4368 Β
619 4317 628 4385 11
641 4317 690 4378 lati
702 4316 794 4372 lundis
806 4332 834 4384 Β,
849 4320 904 4372 late
915 4316 1008 4374 fundis
1019 4328 1045 4372 N
1055 4317 1064 4387 11
1077 4319 1109 4368 12
1126 4331 1301 4370 romanorum
1319 4313 1465 4368 latinorum

305 4398 448 4453 tenebatur
459 4412 481 4450 N
494 4401 503 4470 11
517 4408 545 4456 at
558 4401 573 4452 b
586 4399 595 4469 11
609 4395 641 4454 24
654 4401 725 4454 sirus
736 4415 755 4454 Β
769 4402 778 4474 1
792 4421 877 4456 conus
889 4416 908 4455 Β
922 4404 931 4474 11
944 4401 1066 4472 gladium
1077 4413 1120 4456 ΒΝ
1132 4401 1141 4471 11
1154 4408 1183 4456 et
1193 4413 1213 4454 Β
1224 4399 1234 4471 1
1248 4403 1279 4453 25
1291 4398 1373 4454 siriae
1385 4410 1411 4453 N
1421 4398 1430 4470 1
