3300 5084
435 381 443 407 1
500 341 648 416 arincam
666 339 704 395 11,
723 335 748 382 5.
768 333 783 382 6
801 320 869 406 [111,
889 335 930 383 17.
951 305 1008 406 ls].

400 559 461 622 vr.
486 560 670 622 nnmvu
685 526 938 642 lovunsvu
953 513 1122 624 socrosss

186 744 309 808 Sociale
323 745 446 807 bellum
461 756 593 828 uocetur
607 739 684 807 licet
698 756 735 807 ut
751 755 962 808 extenuemus
977 744 1154 821 inuidiam,
1178 745 1206 807 si
1221 766 1334 807 uerum
1348 769 1402 823 ιιι,
1419 745 1457 806 18

186 843 294 936 tamen
310 851 460 913 uolumus
471 834 491 926 ,Ι
503 850 582 913 illud
607 847 703 912 ciuile
724 850 849 913 bellum
870 851 942 915 fuit.
973 851 1099 936 quippe·
1111 873 1186 934 cum
1200 849 1338 934 populus

185 958 352 1018 Romanus
368 957 520 1018 Etruscos
536 955 669 1019 Latinos
691 955 890 1040 Sabinosque
913 957 974 1020 sibi
996 956 1159 1020 miscuerit
1182 967 1215 1019 et
1236 978 1339 1018 unum

147 1077 162 1124 5
185 1085 225 1124 ex
246 1061 395 1123 omnibus
418 1061 609 1143 sanguinem
631 1063 744 1137 ducat,
769 1084 884 1144 corpus
905 1062 981 1126 fecit
1003 1085 1044 1125 ex
1072 1061 1223 1125 membris
1235 1073 1278 1151 ‚et
1300 1058 1341 1123 ex

184 1167 333 1230 omnibus
348 1188 433 1228 unus
450 1147 513 1242 est3
539 1189 598 1229 nec
621 1166 743 1249 minore
765 1167 887 1250 flagitio
903 1166 981 1230 socii
996 1167 1082 1260 intra
1096 1167 1228 1232 Italiam
1243 1165 1351 1249 quain'

183 1273 270 1336 intra
284 1273 397 1335 urbem
414 1271 499 1354 ciues
522 1272 728 1336 rebellabant.
745 1271 749 1279 ’
769 1258 878 1355 itaque
900 1295 975 1335 cum
996 1273 1046 1336 ius
1077 1273 1219 1336 ciuitatis
1242 1294 1339 1355 quam

185 1378 308 1442 uiribus
338 1388 493 1455 auxerant
523 1378 600 1441 socii
630 1377 805 1441 iustissime
828 1379 1048 1462 postularent,
1072 1399 1169 1462 quam
1192 1377 1227 1438 in
1249 1399 1339 1460 spem

185 1506 237 1547 eos
260 1481 411 1565 cupidine
432 1473 660 1547 dominationis
683 1485 810 1548 Drusus
832 1496 991 1560 erexerat,
1015 1495 1186 1568 postquam
1208 1480 1263 1544 ille
1285 1482 1340 1545 do-

133 1603 163 1651 lo
184 1589 316 1652 mestico
332 1589 448 1652 scelere
463 1612 632 1673 oppressus
648 1600 713 1665 est,
738 1591 850 1652 eadem
865 1589 938 1664 fax,
962 1609 1043 1669 quae
1063 1587 1157 1650 illum
1172 1587 1337 1662 cremauit,

185 1695 285 1758 socios
300 1694 335 1755 in
351 1686 486 1759 anna'et
501 1677 773 1778 expugnationem
789 1693 876 1758 urbis
893 1693 1049 1756 accendit.
1074 1693 1152 1776 quid
1174 1692 1235 1755 hac
1250 1693 1339 1754 clade

186 1799 328 1863 tristius?
352 1799 430 1882 quid
445 1799 682 1863 calamitosius?
705 1823 779 1872 cnm
801 1821 895 1861 omne
907 1783 1043 1862 ‘Latium
1057 1808 1152 1880 atque
1169 1797 1338 1877 Picenum,

186 1905 316 1969 Etruria
331 1903 434 1967 omnis
451 1916 547 1989 atque
562 1905 758 1989 Campania,
783 1915 943 1988 postremo
963 1903 1061 1967 Italia
1075 1913 1186 1965 contra
1205 1911 1340 1964 matrem

186 2032 278 2074 suam
299 2031 335 2098 ac
357 2020 524 2092 parentem
546 2012 658 2074 urbem
679 1996 885 2094 consurgeret
891 2036 900 2086 3
925 2003 1000 2072 cum
1015 2031 1109 2074 omne
1118 2010 1221 2095 robur
1235 2007 1338 2084 fortis

135 2130 165 2178 15
187 2115 341 2178 simorum
367 2115 697 2200 fidelissimorumque·
713 2117 871 2181 sociorum
897 2115 957 2180 sub
984 2115 1050 2180 suis
1076 2113 1211 2198 quisque
1237 2112 1339 2196 signis

185 2223 340 2285 haberent
356 2220 565 2306 municipalia
580 2223 637 2286 illa
650 2223 814 2307 prodigia,
825 2221 1186 2312 PompediusMarsos,
1203 2230 1236 2282 et
1252 2217 1338 2282 Lati-

185 2350 243 2390 nos
262 2327 434 2406 Afranius,
460 2330 598 2392 Vmbros
621 2330 748 2392 Plotius
756 2378 771 2406 „
790 2329 950 2412 Egnatius
971 2329 1144 2401 Etruscos,
1170 2323 1340 2386 Samnium

185 2433 423 2524 Lucaniamque
439 2435 607 2497 Telesinus
615 2459 625 2510 3
651 2457 725 2497 cum
740 2457 853 2517 regum
864 2444 897 2496 et
907 2432 1054 2517 gentium
1070 2430 1187 2494 arbiter
1200 2428 1339 2512 populus

171 2539 293 2623 ipsum
308 2561 341 2602 se
356 2561 464 2622 regere
478 2561 545 2602 non
559 2550 686 2622 posset,
704 2551 736 2602 ct
751 2538 871 2601 uictrix
885 2538 982 2600 Asiae
1003 2548 1035 2600 et
1057 2538 1205 2617 Europae
1228 2556 1247 2596 a
1262 2536 1340 2598 Cor-

133 2657 166 2705 20
185 2624 385 2707 finioRoma
400 2641 612 2727 adpetereturss

273 2748 420 2812 Primum
434 2749 496 2811 fuit
509 2750 586 2812 belli
601 2751 637 2812 in
651 2751 778 2814 Albano
793 2760 903 2813 monte
918 2749 1109 2824 consilium,
1131 2758 1170 2810 ut
1191 2748 1273 2810 festo
1288 2747 1339 2809 die

188 2853 378 2918 Latinarum
399 2854 504 2921 Iulius
529 2857 648 2919 Caesar
674 2867 705 2918 et
726 2855 868 2918 Marcius
892 2855 1064 2938 Philippus
1087 2853 1233 2944 consules
1255 2851 1341 2914 inter

186 2959 321 3052 sacra'et
344 2982 413 3022 aras
434 2959 687 3028 immolarentur.
712 2972 883 3044 postquam
906 2960 940 3023 id
960 2961 1049 3023 nefas
1071 2958 1252 3044 proditione
1275 2957 1338 3021 dis·

186 3087 316 3130 cussum
332 3076 398 3142 est,
416 3067 536 3129 Asculo
551 3067 639 3130 furor
654 3067 757 3131 omnis
773 3067 890 3152 erupit,
908 3067 943 3129 in
955 3067 1025 3151 ipsa
1039 3067 1169 3149 quidem
1189 3066 1340 3127 ludorum

133 3184 165 3233 25
186 3172 365 3255 frequentia
380 3172 545 3236 trucidatis
561 3172 617 3255 qui
633 3185 711 3236 tunc
726 3177 859 3237 aderant
880 3175 920 3236 ab
942 3175 1020 3237 urbe
1041 3171 1167 3255 legatis.
1200 3170 1262 3233 hoc
1276 3169 1339 3232 fuit

185 3276 278 3362 impii
291 3277 369 3338 belli
384 3288 630 3340 sacramentum.
655 3278 730 3341 inde
746 3279 811 3342 iam
821 3273 946 3361 'passim
961 3281 1001 3340 ab
1017 3277 1106 3339 omni
1120 3288 1209 3359 parte
1225 3260 1340 3340 Italiae

187 3383 267 3444 duce
283 3390 315 3442 et
330 3392 458 3444 auctore
471 3382 550 3444 belli
565 3383 763 3446 discursante
780 3382 956 3465 Pompedio
978 3382 1105 3446 diuersa
1125 3404 1182 3465 per
1204 3383 1339 3465 populos

187 3497 219 3548 et
234 3485 327 3546 urbes
344 3485 436 3568 signa
451 3487 603 3549 cecinere.
629 3509 688 3551 nec
703 3488 875 3552 Annibalis
891 3509 950 3549 nec
966 3487 1083 3571 Pyrrhi
1097 3487 1160 3550 fuit
1175 3497 1267 3550 tanta
1284 3509 1339 3550 ua·
1373 3529 1376 3531 Α

189 3731 200 3775 1
216 3735 332 3778 suanm
345 3735 421 3778 avon
431 3735 573 3776 nnvaasm
591 3736 688 3778 socios
706 3733 816 3779 aasrvu
836 3739 887 3780 asr
903 3737 926 3778 Β
938 3726 947 3796 p
960 3729 974 3778 3
987 3726 1051 3779 illut
1061 3737 1087 3778 Ν
1097 3726 1106 3796 fl
1120 3729 1135 3779 4
1148 3725 1200 3779 sibi
1211 3745 1253 3778 om
1264 3737 1289 3779 Ν
1300 3727 1309 3797 l
1323 3731 1337 3778 7

185 3825 247 3862 cum
258 3806 329 3860 tusci
343 3805 466 3860 ciuitates
479 3823 546 3878 quas
558 3819 583 3859 Ν
594 3808 603 3878 Ι,
616 3811 630 3860 8
644 3808 772 3879 adquam
784 3825 863 3880 specs
879 3823 905 3864 Ν
915 3812 923 3881 ll
937 3816 952 3865 9
972 3813 1170 3866 dominationes
1188 3813 1230 3882 Β1]
1247 3830 1340 3866 erexe-

184 3900 246 3946 rant
257 3905 276 3945 Β
289 3893 297 3962 [t
314 3895 344 3944 lo
358 3905 509 3962 opressuss
522 3893 531 3963 l!
546 3895 574 3944 11
590 3899 618 3946 et
629 3893 658 3947 in
666 3895 897 3966 expugnationem
908 3898 953 3969 ΝΗ
965 3899 1015 3951 hee
1026 3899 1071 3969 Nll
1087 3901 1116 3950 13
1129 3903 1242 3952 matrem
1250 3915 1280 3951 ac
1292 3917 1338 3969 pa·

183 3985 286 4030 rentem
305 3993 381 4030 suam
392 3989 418 4030 Ν
428 3977 437 4048 ΙΙ
452 3977 642 4048 ltpoppedius
652 3991 680 4042 Β,
694 3981 843 4050 poppedios
855 3983 899 4053 nu
914 3986 944 4035 17
958 3983 1074 4036 atrianos
1091 3996 1123 4048 Β,
1143 3983 1269 4036 affranius
1281 3985 1326 4054 Nl

185 4061 290 4116 Plotius
313 4062 413 4115 Tollius
423 4063 605 4132 fortuitorum
617 4081 631 4116 c
644 4067 694 4116 22:
713 4071 786 4118 totos
797 4079 825 4130 Β,
839 4073 915 4121 totus
926 4079 950 4121 Ν
961 4068 970 4137 fl
983 4069 1119 4138 Egnatius
1130 4067 1261 4121 Etruscos
1273 4069 1338 4137 aaa

184 4146 254 4198 sius:
274 4142 381 4201 senatlls
394 4154 422 4200 et
433 4148 557 4201 consulas
568 4161 613 4202 ΒΝ
623 4149 632 4220 ll
648 4153 678 4202 1s
691 4150 837 4204 etelesinus
847 4164 867 4204 Β
879 4151 889 4221 l
901 4169 991 4205 rerum
1002 4165 1022 4205 Β
1034 4152 1043 4223 ΙΙ
1059 4157 1089 4206 19
1106 4159 1139 4206 ut
1150 4154 1249 4207 uictrix
1268 4154 1339 4205 asiae

184 4247 353 4301 europaeque
369 4244 395 4284 Ν
405 4231 413 4302 ll
427 4233 543 4286 confinio
554 4245 574 4286 Β
587 4233 596 4304 l
616 4237 647 4287 20
668 4251 743 4288 roma
760 4255 802 4289 om
821 4237 1014 4306 appeteretur
1031 4237 1076 4307 ΝΙΙ
1095 4241 1124 4290 21
1146 4239 1233 4308 primo
1250 4239 1336 4305 131124

184 4314 297 4366 ιιιιιοιιὶο1
310 4325 335 4366 Ν
346 4315 354 4384 ll
368 4315 467 4384 eripuit
484 4331 502 4369 Β
515 4318 523 4386 ll
538 4321 570 4370 25
584 4325 641 4372 tum
653 4331 678 4372 Ν
688 4320 697 4388 ΙΙ
710 4319 764 4375 fuit
775 4321 884 4375 inbellis
896 4331 1092 4376 sacramentum
1108 4336 1128 4376 Β
1140 4324 1150 4394 [l
1164 4329 1195 4376 21
1214 4321 1339 4391 pompeio

182 4411 210 4462 a
225 4398 361 4468 ιοιιοῶο
372 4409 399 4450 Β
408 4399 417 4469 l
430 4404 462 4454 28
475 4403 549 4472 rsrri
560 4416 579 4454 B
592 4405 600 4471 t

1130 4493 1170 4556 5*
