3300 5084
566 328 717 372 neironis
732 330 771 384 n,
790 320 820 369 13
840 309 921 392 [1111,
939 309 980 391 2].
1308 310 1367 370 103

213 500 332 561 poenas
347 477 478 539 dabant.
499 477 650 552 'omnium
663 486 823 559 postrema
838 475 1049 538 certaminum
1064 477 1200 539 Munda.
1232 475 1365 539 hicnon

214 606 272 667 pro
287 592 392 645 cetera
406 563 580 657 felicitate,
596 583 651 644 sed
667 599 782 664 anceps
798 591 831 644 et
846 581 902 644 diu
917 581 1007 644 triste
1021 579 1196 664 proelium,
1219 591 1256 642 ut
1270 580 1366 662 plane

137 745 139 750 .
213 688 377 750 uideretur
390 685 498 749 nescio
514 685 591 768 quid
599 686 772 748 deliberare
781 687 935 750 Fortuna.
954 698 1075 750 sancet
1089 686 1158 768 ipse
1174 695 1249 747 ante
1265 685 1367 748 aciem

149 861 152 865 ⁸
213 791 364 855 maestior
378 813 445 854 non
460 813 501 853 ex
515 812 601 854 more
613 791 742 867 Caesar,
760 792 829 854 siue
840 805 986 875 respectu
996 791 1181 876 fragilitatis
1191 791 1365 866 humanae,

181 910 196 958 5
217 897 285 960 siuc
311 896 445 958 nimiam
469 903 692 979 prosperorum
718 907 902 980 suspectam
929 899 1050 974 habens
1075 895 1364 970 continuationem,

215 1003 268 1066 uel
284 1003 396 1064 eadem
410 1000 538 1076 timens,
555 1009 726 1083 postquam
740 1000 903 1065 idemesse
917 1012 1064 1084 coeperat
1075 1002 1161 1084 quod
1173 1000 1346 1082 Pompeius
1353 1024 1363 1075 3

215 1118 246 1170 et
267 1107 302 1169 in
326 1106 396 1188 ipso
419 1105 558 1188 proelio,
581 1106 666 1186 qnod
688 1126 783 1168 nemo
805 1126 960 1189 umquam
980 1106 1187 1181 meminerat,
1213 1128 1288 1167 cum
1310 1104 1367 1168 diu

213 1211 282 1294 pari
297 1210 500 1274 Marteacies
515 1208 599 1272 nihil
614 1209 751 1292 amplius
767 1232 864 1292 quam
875 1211 1067 1286 occiderent,
1084 1210 1120 1272 in
1134 1211 1241 1273 medio
1256 1212 1366 1273 ardore

215 1315 432 1398 pugnantium
447 1315 553 1378 subito
568 1313 683 1396 ingens
698 1313 782 1380 inter
797 1326 949 1397 utrosque
969 1315 1154 1391 silentium,
1177 1315 1269 1398 quasi
1290 1337 1365 1377 con-

155 1435 194 1488 ,10
214 1421 356 1484 uenisset
371 1429 403 1482 et
418 1419 471 1480 hic
486 1417 631 1481 omnium
646 1440 758 1482 sensus
773 1430 856 1482 esset
867 1413 945 1502 ‘quo
959 1441 1061 1502 usque
1075 1413 1235 1483 bellumi’
1246 1419 1366 1483 nouis·
1389 1488 1393 1493 ,
1443 1487 1446 1493 ,

215 1526 295 1591 sime
313 1524 506 1588 inusitatum
522 1523 667 1586 Caesaris
688 1513 789 1586 oculis
810 1524 916 1586 nefas:
941 1535 1014 1606 post
1034 1525 1291 1606 quattuordecim
1311 1547 1367 1586 an·

215 1654 273 1694 nos
287 1633 422 1714 probata
436 1639 662 1694 ueteranorum
676 1651 792 1691 manus
806 1629 942 1710 gradum
957 1639 1041 1691 retro
1057 1629 1163 1706 dedit,
1185 1652 1283 1712 quos,
1307 1629 1368 1692 etsi

214 1739 359 1799 nondum
373 1735 540 1816 ingerant,
565 1732 713 1815 apparuit
734 1743 845 1794 tamen
859 1734 981 1815 pudore
1001 1733 1105 1816 magis
1127 1756 1224 1816 quam
1245 1715 1367 1796 uirtute

215 1841 371 1904 resistere.
403 1837 512 1918 itaque
534 1836 590 1898 illc
613 1837 760 1919 ablegato
781 1858 863 1918 equo
889 1837 1004 1901 similis
1029 1838 1150 1901 fluenti
1174 1839 1311 1920 primam
1332 1839 1368 1900 in

164 1959 195 2007 15
217 1945 318 2007 aciem
339 1941 507 2026 procurrit.
543 1940 588 2002 ibi
609 1962 759 2028 prensare
780 1942 954 2024 fugientis,
979 1946 1166 2006 confirmare
1187 1943 1366 2026 signiferos,

216 2071 303 2112 orare
318 2047 459 2132 hortari,
475 2068 532 2130 per
547 2056 652 2110 totum
667 2045 804 2128 denique
820 2069 936 2129 agmen
951 2049 1053 2111 oculis
1066 2048 1215 2122 manibus
1230 2049 1368 2111 clamore
1411 2050 1414 2053 ‘

156 2184 159 2190 ·
214 2153 359 2216 uolitare.
379 2151 495 2215 dicitur
510 2151 544 2213 in
559 2151 617 2216 illa
630 2152 870 2233 perturbatione
886 2155 973 2216 etde
995 2154 1145 2217 extremis
1168 2155 1305 2238 agitasse
1320 2176 1368 2217 se·

215 2282 290 2322 cum
311 2257 543 2339 manifestoque
566 2258 659 2320 uoltu
679 2257 795 2333 fuisse,
825 2257 918 2340 quasi
937 2280 1092 2342 occupare
1113 2269 1249 2322 mortem
1269 2281 1370 2322 manu

219 2366 336 2440 uellet;
366 2363 430 2427 nisi
452 2364 597 2426 cohortes
618 2363 760 2427 hostium
780 2363 923 2446 quinque
943 2385 1000 2446 per
1027 2374 1243 2427 transuersam
1269 2364 1370 2426 aciem

164 2484 197 2534 20
219 2482 327 2545 actae,
352 2489 431 2550 quas
453 2467 616 2532 Labienus
631 2466 888 2549 periclitantibus
910 2468 1022 2531 castris
1043 2468 1203 2552 praesidio
1225 2469 1368 2543 miserat,

217 2574 355 2658 speciem
374 2572 471 2654 fugae
499 2572 731 2655 praebuissent.
767 2572 828 2634 hoc
849 2581 906 2658 aut
926 2583 959 2635 et
979 2573 1047 2656 ipse
1069 2573 1205 2636 credidit
1226 2583 1283 2636 aut
1303 2575 1371 2636 dux

214 2679 353 2742 'callidus
378 2676 512 2758 arripuit
533 2677 568 2738 in
596 2677 813 2752 occasionem,
841 2687 874 2740 et
896 2678 988 2760 quasi
1007 2678 1043 2740 in
1069 2678 1230 2760 fugientes
1251 2689 1284 2740 et
1305 2678 1371 2740 iam

217 2784 320 2854 uictos
336 2783 433 2848 simul
448 2793 480 2844 et
495 2804 626 2845 suorum
641 2782 743 2845 erexit
764 2773 936 2846 animosas
950 2784 1054 2846 hostis
1074 2783 1222 2865 perculit.
1246 2794 1370 2846 namet

168 2899 170 2908 ’
217 2889 264 2968 hi,
282 2892 360 2952 dum
375 2911 408 2951 se
423 2897 541 2972 putant
556 2887 697 2963 uincere,
714 2887 830 2950 fortius
845 2872 947 2970 sequi,
961 2902 994 2951 et
1008 2888 1210 2972 Pompeiani,
1228 2891 1305 2951 dum
1320 2888 1369 2950 fu·

164 3006 196 3056 25
216 3017 290 3077 gere
306 2996 440 3057 credunt
456 3015 530 3056 suos
539 3041 549 3070 ,
572 2994 682 3075 fugere
698 3004 881 3075 coeperunt.
914 3005 1036 3077 quauta
1054 2994 1152 3057 fuerit
1173 2994 1208 3055 in
1222 2993 1370 3057 hostibus

217 3099 387 3162 caedendis
401 3099 449 3160 ira
464 3100 630 3182 rabiesque
645 3099 834 3174 uictoribus,
850 3099 897 3162 sic
912 3099 1074 3163 aestimari
1095 3109 1219 3181 potest,
1243 3101 1329 3181 quod
1352 3121 1371 3160 a

216 3203 336 3285 proelio
350 3205 478 3286 profugi
495 3226 569 3266 cum
584 3227 617 3268 se
632 3206 793 3268 Mundam
807 3204 1023 3287 recepissent,
1047 3215 1079 3266 et
1102 3206 1219 3268 Caesar
1233 3203 1371 3267 obsideri

219 3308 328 3370 statim
342 3308 445 3370 uictos
469 3307 675 3390 imperasset,
704 3309 864 3390 congestis
888 3310 1098 3372 cadaueribus
1119 3331 1216 3392 agger
1240 3310 1370 3371 effectus

221 3595 235 3642 3
248 3591 362 3644 liberare
373 3603 392 3642 Β
405 3591 413 3659 11
428 3595 442 3642 4
454 3591 567 3644 caesaris
580 3577 627 3642 sbe
639 3603 658 3643 Β
671 3591 679 3661 11
692 3602 845 3662 respectum
858 3607 892 3657 Β,
906 3601 1044 3663 respectus
1055 3607 1080 3647 N
1091 3595 1100 3665 11
1114 3599 1128 3646 7
1147 3602 1175 3648 et
1190 3594 1305 3663 carpsi:
1323 3595 1372 3647 sed

216 3687 261 3729 BN
272 3676 281 3746 11
295 3680 309 3729 8
322 3676 391 3730 nihil
403 3675 597 3745 aliudquamN
606 3676 616 3745 1
632 3679 662 3729 10
675 3685 702 3729 et
715 3677 758 3730 hic
771 3677 981 3729 Mommsenius:
994 3679 1023 3730 in
1035 3679 1079 3731 hic
1090 3693 1118 3743 Β,
1133 3680 1177 3732 hic
1188 3680 1232 3749 Ν1
1245 3686 1304 3731 erat
1313 3692 1339 3732 N
1349 3680 1358 3750 11

219 3760 322 3814 bellum
334 3760 526 3813 Mommsenius
535 3781 545 3810 .·
559 3757 636 3812 illum
647 3774 666 3814 Β
680 3763 688 3830 11
702 3777 756 3830 quo
768 3779 854 3831 usque
866 3762 969 3814 bellum
980 3782 1022 3815 om
1034 3776 1059 3816 N
1070 3765 1079 3834 11
1094 3768 1122 3817 11
1132 3765 1291 3817 inusitatum
1302 3764 1371 3818 illud
1401 3824 1406 3830 ,

216 3857 242 3898 Ν
252 3847 261 3915 11
277 3849 307 3898 12
318 3846 394 3915 quod
405 3857 430 3898 N
441 3845 450 3914 1
465 3848 496 3896 13
509 3844 636 3913 fugerant
646 3845 795 3898 Heinsius:
813 3844 992 3916 fugeratBNss
1005 3849 1152 3918 apparebat
1163 3861 1189 3901 N
1200 3848 1209 3918 1
1224 3852 1254 3900 14
1269 3848 1315 3900 ille
1329 3867 1371 3900 oia

217 3942 242 3983 N
252 3936 261 3998 11
277 3935 308 3982 15
320 3930 457 4000 fugientes
468 3943 493 3984 N
504 3930 513 4001 11
526 3929 670 3999 signiferos
683 3946 758 3982 orare
770 3929 873 3982 hortari
887 3931 980 4001 ωηΝ1
995 3936 1025 3984 17
1031 3949 1123 3986 secum
1136 3940 1165 3986 at
1177 3933 1216 3985 ita
1228 3931 1371 3985 manifesto

120 4017 122 4024 '
219 4015 329 4066 uoltuN
340 4015 349 4084 11
365 4014 506 4068 l8uultuB
517 4015 528 4085 11
544 4018 575 4068 19
588 4014 641 4067 nisi
653 4014 727 4084 quod
739 4015 918 4081 cohortesNN,
933 4018 1007 4086 quod
1015 4035 1083 4080 cmg
1095 4019 1103 4088 11
1117 4021 1149 4072 20
1156 4017 1372 4087 periclitantibus

215 4110 234 4150 Β
247 4099 256 4168 1
270 4101 300 4150 21
309 4106 399 4152 autem
411 4113 430 4152 Β
443 4101 452 4170 11
467 4103 497 4152 22
511 4098 637 4153 attribuit
647 4111 672 4152 N
684 4098 692 4169 11
706 4099 783 4168 quasi
788 4099 971 4170 fugientemN
981 4102 990 4172 11
1002 4103 1152 4156 iamuictos
1157 4102 1254 4171 smpsi
1261 4123 1270 4153 .·
1284 4101 1370 4154 inuic-

216 4189 259 4234 tos
270 4195 299 4246 Β,
314 4183 437 4237 inuectus
445 4197 474 4237 vN
485 4185 494 4254 1
508 4187 539 4237 13
553 4201 616 4237 nam
623 4183 653 4236 hi
660 4195 685 4236 N
696 4183 706 4253 11
719 4187 751 4236 21
764 4185 841 4254 sequi
852 4185 882 4238 in
898 4187 1053 4255 pompeiani
1064 4199 1090 4240 N
1100 4186 1110 4256 1
1122 4190 1155 4238 25
1170 4188 1199 4238 in
1209 4185 1301 4238 addidi
1306 4206 1315 4236 .·
1328 4202 1370 4235 om

219 4276 264 4316 ΒΝ
274 4266 283 4334 11
295 4266 415 4320 hostium
427 4269 521 4321 caedes
532 4282 558 4321 N
568 4269 577 4340 11
591 4272 624 4322 26
636 4267 773 4324 caedentis
787 4269 801 4322 b
814 4270 823 4340 11
837 4268 978 4323 aestimare
997 4271 1012 4322 b
1025 4271 1035 4340 1
1047 4279 1139 4341 posset
1150 4283 1169 4323 Β
1182 4272 1191 4340 11
1203 4272 1256 4322 hoc
1268 4288 1285 4322 a
1295 4285 1371 4338 proe-

220 4349 258 4402 lio
271 4361 296 4402 N
307 4351 315 4418 11
329 4355 359 4402 21
374 4352 475 4402 munda
487 4364 509 4403 N
521 4353 529 4420 11
543 4357 575 4404 28
590 4354 676 4407 uictor
687 4367 706 4407 Β
720 4354 728 4423 11
828 4347 832 4352 ’
