3300 5084
225 408 229 412 ,
299 348 387 404 XXX
592 399 600 412 ,
713 352 985 406 ·‘rnsursr10.

300 531 374 572 cum
399 505 644 572 commmiicata.
660 507 700 570 in'
721 493 866 572 ordinem
891 511 1062 574 uerborum
1086 509 1187 592 recipi
1210 517 1278 572 non
1302 519 1464 592 poterant,

299 616 451 696 pleraque
466 612 595 676 silentio
610 614 828 696 praetermisi,
851 637 894 677 ne
914 614 1027 700 amicis
1048 615 1184 698 egregiis
1207 614 1361 678 iniuriam
1383 616 1466 680 face-

299 742 385 794 rem,
409 719 436 782 si
451 741 488 781 ca
504 740 584 800 quae
599 719 667 800 ipse
683 720 776 782 certis
799 721 839 781 de
859 719 963 782 causis
985 720 1188 802 inprobarem
1208 720 1337 802 publice
1358 731 1467 784 tamen

298 845 520 914 proponerem.
728 891 731 898 .
922 856 925 865 .

384 930 488 993 Video
503 939 612 992 autem
626 950 729 1010 pauca
740 933 899 1013 quaedam
910 931 950 992 de
962 929 1191 1012 orthographia
1201 931 1369 994 adicienda
1384 929 1466 994 mihi

300 1057 387 1110 esse,
418 1055 491 1116 qua,
505 1035 544 1096 de
559 1057 594 1097 re
609 1055 683 1098 cum
704 1056 806 1117 nuper
828 1037 960 1097 demum
983 1036 1164 1098 accuratius
1184 1036 1347 1100 obseruari
1369 1047 1466 1118 atque

300 1139 451 1228 subtilius
467 1139 576 1230 quaeri
591 1150 741 1221 coeptum
756 1138 798 1201 sit
806 1147 823 1213 ‚'
833 1138 869 1200 in
885 1161 922 1200 eo
937 1161 997 1222 ego
1003 1140 1204 1222 potissimam
1216 1163 1326 1204 curam
1333 1140 1466 1204 adhibui

299 1256 337 1307 ut
352 1245 430 1327 quid
445 1240 599 1306 traditum
612 1254 695 1306 esset
705 1243 804 1306 etiam
819 1243 854 1305 in
869 1244 931 1306 hoc
945 1267 1062 1326 genere
1069 1245 1189 1327 ubique
1197 1257 1369 1310 constaret.
1386 1268 1464 1308 neu·

299 1349 455 1430 tervenim
476 1347 623 1411 codicum
644 1349 809 1431 antiquam
824 1349 984 1412 scribendi
1004 1349 1162 1412 rationem
1178 1351 1262 1414 satis
1282 1361 1467 1414 constanter

299 1454 466 1538 expressit,
484 1455 539 1516 sed
554 1453 746 1535 quibusdam
755 1454 909 1536 exceptis,
926 1474 1009 1536 quae
1024 1477 1134 1517 omnes
1149 1456 1273 1519 codices
1285 1467 1465 1538 praeterre-

300 1559 499 1622 centissimos
520 1559 669 1622 exhibere
691 1581 778 1622 nunc
794 1559 872 1622 satis
887 1569 1025 1634 constat,
1048 1559 1084 1622 iu
1098 1571 1234 1642 utroque
1249 1561 1401 1643 antiquae
1416 1583 1465 1624 or·

299 1664 511 1748 thographiae
527 1674 655 1727 tantum
675 1664 814 1747 uestigia
835 1666 992 1749 quaedam
1012 1665 1106 1746 quasi
1125 1664 1239 1728 inuitis
1258 1665 1397 1728 librariis
1417 1687 1465 1728 re-

297 1771 374 1833 licta
390 1780 476 1832 sunt.
508 1792 605 1851 quam
619 1769 773 1833 librorum
792 1769 1044 1832 inconstantiam
1058 1792 1118 1852 ego
1132 1792 1259 1853 quoque
1273 1772 1467 1834 seruandam

299 1888 406 1952 ratus,
424 1875 480 1964 ubi
495 1877 589 1938 ambo
603 1876 639 1937 in
655 1876 787 1959 antiqua
802 1875 962 1939 scribendi
976 1876 1100 1938 ratione
1122 1877 1323 1960 conspirant,
1346 1898 1400 1940 eos
1415 1898 1465 1940 se-

299 1994 392 2049 cutus
408 2003 480 2044 sum
494 1981 660 2063 perpaucis
676 1982 869 2063 quibusdam
884 1981 1044 2064 exceptis,
1076 2005 1160 2065 quae
1182 2005 1258 2046 cum
1279 1982 1378 2044 semel
1394 1992 1463 2044 tan-

299 2099 370 2150 tum
385 2087 439 2149 uel
460 2085 510 2148 bis
532 2086 650 2167 scripta
670 2096 798 2159 extent,
828 2088 1013 2149 adnotanda
1035 2089 1143 2169 potius
1166 2111 1265 2171 quam
1277 2073 1467 2171 ,recipienda

299 2192 388 2256 duxi.
420 2189 477 2251 ubi
492 2189 576 2251 inter
591 2211 624 2252 se
641 2190 838 2271 discrepant,
850 2199 886 2251 ,B
900 2191 1104 2272 potissimum
1119 2193 1278 2274 expressi,
1301 2192 1365 2255 nisi
1379 2193 1466 2274 quod

299 2319 339 2385 ex
354 2301 391 2358 N
402 2301 528 2377 quoque
544 2316 582 2356 ea
595 2293 701 2376 recepi
716 2316 797 2376 quae
812 2305 898 2356 recte
912 2295 1032 2357 tradita
1046 2317 1115 2358 esse
1130 2307 1217 2358 certo
1232 2307 1370 2359 constat.
1403 2298 1464 2358 hac

299 2402 354 2465 uia
368 2410 406 2462 ut
420 2399 667 2483 ingrediendum
680 2410 828 2481 putarem
843 2401 926 2461 duae
941 2386 1081 2462 maxime
1097 2418 1212 2463 causae
1226 2400 1370 2464 fixerunt.
1399 2401 1463 2483 pri-

297 2529 388 2570 mum
403 2507 490 2570 enim
505 2505 654 2586 antiquos
675 2504 843 2588 scriptores
864 2527 930 2567 non
951 2527 1023 2568 eam
1040 2505 1076 2568 in
1096 2506 1184 2569 hisce
1204 2507 1300 2570 rebus
1315 2517 1467 2570 constan·

299 2613 378 2676 tiam
393 2633 535 2676 seruasse
550 2633 615 2694 qua
628 2633 688 2675 uos
702 2611 751 2674 uti
767 2613 907 2676 solemus
926 2633 1115 2698 persuasum
1130 2622 1197 2688 est,
1220 2623 1254 2676 et
1268 2635 1465 2696 quamquam

299 2741 337 2780 ea
351 2717 509 2781 scribendi
523 2715 605 2779 ratio
620 2739 702 2799 quae
716 2739 773 2799 per
787 2718 912 2780 codices
932 2718 1025 2781 nobis
1049 2717 1168 2780 tradita
1188 2729 1237 2782 est
1251 2720 1293 2782 ad
1307 2740 1464 2800 gramma-

299 2822 500 2904 ticospotius
516 2825 669 2904 quemad
690 2822 858 2904 scriptores
878 2823 965 2904 ipsos
990 2823 1156 2886 reserenda
1175 2834 1241 2898 est,
1268 2834 1379 2884 tamen
1401 2845 1466 2904 qua

298 2927 469 2990 seueritate
476 2927 562 3010 leges
570 2937 742 2989 etnormae
754 2929 793 2988 ab
806 2927 858 2989 his
869 2927 1023 2990 inuentae
1035 2927 1169 3009 antiquo
1182 2937 1326 3009 tempore
1334 2938 1464 3006 exactae

298 3032 364 3095 sint
392 3033 481 3095 haud
508 3053 669 3114 quaquam
698 3042 835 3094 constat.
873 3041 944 3094 tum
963 3035 1040 3093 uero
1054 3033 1200 3094 nondum
1214 3046 1363 3094 accurata
1377 3032 1464 3096 codi-

298 3152 372 3198 cum
387 3137 658 3220 peruastigatione
673 3147 705 3198 et
720 3136 921 3218 singularum
943 3158 1050 3212 rerum
1068 3137 1321 3218 perscrutatione
1337 3158 1375 3199 eo
1392 3158 1463 3218 per·
1495 3191 1499 3197 .

298 3252 435 3303 uentum
465 3252 513 3305 est
536 3253 573 3304 ut
596 3243 636 3304 de
656 3239 824 3323 permultis
845 3263 927 3324 quae
949 3243 1014 3303 huc
1034 3241 1197 3323 pertinent
1217 3242 1295 3310 satis
1315 3252 1388 3305 tuto
1409 3244 1462 3305 de·

297 3368 425 3411 cernere
439 3346 551 3422 liceat,
568 3348 653 3429 quod
668 3356 743 3408 ante
757 3368 856 3428 quam
877 3346 947 3409 fieri
968 3347 1069 3429 possit
1088 3347 1218 3429 singula
1231 3369 1376 3429 quaeque
1390 3347 1464 3410 dili·

298 3462 411 3535 genter
422 3454 626 3516 obseruanda
641 3462 674 3514 et
700 3451 884 3534 colligenda
899 3463 992 3528 sunt,
1018 3461 1055 3514 ut
1069 3453 1145 3514 inde
1160 3462 1318 3533 quantum
1332 3449 1468 3534 quidem'

297 3558 368 3621 fieri·
381 3568 487 3640 potest
503 3567 606 3620 certae
622 3559 708 3640 leges
723 3559 936 3620 deducantur.
968 3566 1000 3618 et
1021 3579 1039 3619 e
1059 3557 1167 3619 codice
1188 3565 1218 3618 B
1231 3557 1316 3619 nihil
1330 3558 1395 3619 fere
1411 3557 1464 3619 uel

297 3664 333 3725 in
347 3664 407 3726 hoc
422 3685 538 3745 genere
553 3661 813 3744 praetermissum
827 3683 897 3724 esse
908 3659 1179 3744 promiserim,'ex
1189 3664 1290 3725 altero
1300 3669 1338 3724 N
1349 3661 1464 3744 siquid

297 3769 377 3829 forte
391 3768 576 3849 neglectum
591 3777 651 3841 est,
668 3767 767 3830 idme
782 3769 913 3829 nolente
927 3768 1050 3829 factum
1065 3778 1124 3830 est.

383 3874 434 3933 De
459 3872 652 3953 quibusdam
674 3882 783 3934 tamen
804 3872 858 3934 hic
883 3893 988 3954 pauca
1007 3874 1169 3934 monenda
1189 3875 1283 3935 duco.
1320 3874 1407 3954 quod
1427 3871 1463 3934 in

297 3977 446 4040 omnibus
461 3977 526 4039 fere
542 3975 704 4045 codicibus
721 3979 888 4038 obseruare
904 3977 992 4052 licet,
1010 3987 1048 4039 ut
1062 4001 1079 4038 e
1093 3987 1127 4038 et
1141 3999 1179 4039 ae
1192 3977 1372 4059 promiscue
1385 3977 1462 4041 scri·

296 4085 432 4157 bantur,
460 4081 495 4144 id
508 4081 542 4143 in
559 4092 694 4163 utroque
708 4082 816 4144 codice
837 4083 946 4144 locum
960 4082 1077 4158 habet,
1094 4082 1148 4143 ‘ita
1167 4092 1206 4144 ut
1228 4085 1381 4145 adnotare
1401 4104 1459 4144 no·

296 4186 429 4262 luerim,
457 4185 520 4248 nisi
540 4186 708 4268 perpaucis
729 4185 807 4249 locis
829 4187 887 4248 ubi
912 4188 1037 4250 adrem
1060 4187 1195 4250 sortasse
1220 4188 1323 4249 facere
1346 4186 1459 4269 possit.

297 4302 388 4356 tanta
402 4291 489 4374 enim
504 4291 661 4367 uarietas,
686 4301 777 4354 tanta
798 4292 897 4354 etiam
922 4291 959 4353 in
985 4291 1194 4375 apertissimis
1208 4294 1303 4354 rebus
1316 4291 1462 4354 confusio

295 4399 420 4461 obtinet
435 4407 472 4459 ut
486 4395 606 4478 ubique
614 4397 668 4459 uel
682 4396 743 4460 hoo
755 4397 809 4460 uel
820 4396 903 4459 illud
921 4406 1017 4479 prout
1031 4397 1212 4460 ratioiubet
1225 4407 1296 4460 tuto
1309 4382 1462 4479 reponere¹
