3300 5084
499 347 648 394 2222222
666 351 690 405 2,
708 341 751 390 22.
771 339 804 390 rs
823 329 878 414 [11,
898 342 940 390 n.
961 331 1019 414 22].
1035 318 1039 324 ’
1302 331 1342 389 47

183 503 318 574 Perses,
343 499 400 580 qui
414 498 513 560 semel
528 499 563 560 in
576 487 770 582 perpetuum
790 497 912 561 uictam
935 521 1003 568 esse
1032 497 1256 586 Macedoniam
1277 518 1343 561 non

183 605 322 688 putabat
338 623 378 668 ex
389 603 498 686 'gentis
515 603 683 686 dignitate.
709 587 813 668 multo
835 604 1062 668 uehementius
1084 604 1146 693 sub
1159 603 1220 665 hoc
1235 605 1342 666 Mace·

185 703 285 775 dones
301 701 398 791 quam
413 709 474 771 sub
488 718 578 792 patre
601 721 774 791 exurgunt.
800 710 919 796 quippe
943 711 1083 774 Thracas
1103 711 1140 772 in
1163 709 1249 771 uires
1270 705 1359 771 suas-

185 824 371 890 traxerant,
394 816 498 896 adque
514 801 566 877 ita
585 801 779 878 industriam
794 815 1011 878 Macedonum
1026 815 1150 882 uiribus
1166 815 1341 891 Thracum,

148 935 163 984 5
187 921 340 985 ferociam
355 921 521 982 Thracum
532 920 703 1003 disciplina
718 918 929 984 Macedonica
947 931 1177 1009 temperauere.
1210 920 1345 984 accessit

184 1026 238 1089 his
254 1024 426 1089 consilium
441 1025 551 1101 ducis,
575 1026 631 1109 qui
641 1108 642 1112 Ἰ
652 1025 753 1089 situm
767 1027 936 1109 regionum
951 1046 1082 1089 suarum
1096 1047 1257 1093 asummo
1273 1047 1343 1108 spe-

186 1133 315 1194 culatus
332 1133 459 1194 Haemo
473 1130 586 1213 positis
602 1153 658 1214 per
674 1133 809 1214 abrupta
824 1133 937 1196 castris
952 1131 999 1194 ita
1013 1132 1239 1195 Macedoniam
1249 1153 1345 1194 suam

188 1238 286 1300 armis
308 1238 453 1319 ferroque
476 1236 656 1300 uallauerat
676 1248 713 1298 ut
735 1259 801 1300 non
822 1238 989 1321 reliquisse
1005 1237 1129 1298 aditum
1143 1237 1208 1300 nisi
1224 1260 1242 1300 a
1256 1237 1345 1299 caelo

187 1341 336 1404 uenturis
351 1341 497 1404 hostibus
514 1341 687 1404 uideretur.
713 1352 825 1406 tamen
832 1343 955 1406 Marcio
962 1342 1116 1426 Philippo
1131 1343 1262 1406 consule
1275 1363 1346 1405 eam
1440 1386 1446 1400 .

132 1463 165 1511 10
178 1447 392 1531 >prouinciam
413 1448 576 1538 ingressus
598 1447 738 1529 populus
762 1450 950 1524 Romanus,
979 1448 1152 1532 exploratis
1175 1449 1347 1531 diligenter

189 1553 370 1616 accessibus
391 1575 448 1637 per
468 1553 630 1616 Astudam
656 1553 809 1634 paludem
838 1553 1100 1646 Perrhaebosque
1126 1555 1268 1616 tumulos
1290 1554 1347 1617 illa

189 1659 377 1722 uolneribus
392 1678 532 1742 quoque,
549 1667 588 1720 ut
603 1657 816 1734 uidebantur,
834 1659 926 1721 inuia
943 1658 1096 1733 accessit,
1112 1679 1283 1742 regemque
1299 1681 1346 1722 se-

190 1787 305 1828 curum
319 1775 351 1826 et
366 1764 451 1826 nihil
466 1764 530 1825 tale
545 1771 743 1824 metuentem
758 1763 866 1828 subita
879 1763 957 1825 belli
971 1763 1158 1845 inruptione
1172 1764 1347 1846 deprehen-

190 1871 250 1934 dit.
276 1869 369 1933 euius
397 1877 489 1930 tanta
501 1895 502 1898 ¹
516 1865 688 1948 trepidatio
716 1865 779 1928 fuit
802 1855 843 1928 'ut
862 1867 1034 1950 pecuniam
1057 1885 1186 1930 omnem
1204 1868 1240 1929 in
1260 1889 1348 1930 mare

135 1991 168 2040 15
190 1975 321 2039 iusserit
343 1972 446 2055 mergi
465 1993 507 2033 ne
522 1970 657 2052 periret,
683 1982 714 2034 et
737 1972 872 2034 classem
891 1972 1026 2049 cremari
1045 1991 1088 2034 ne
1108 1971 1344 2034 incenderetur.

192 2063 297 2146 Paulo
306 2077 449 2152 consule,
467 2098 541 2138 cum
555 2075 676 2142 maiora
684 2089 716 2140 et
731 2073 889 2140 crebriora
900 2088 1007 2141 essent
1021 2077 1162 2161 inposita
1176 2076 1346 2165 praesidia,

191 2208 250 2270 per
265 2184 344 2247 alias
360 2183 429 2246 uias
446 2181 638 2245 Macedonia
652 2183 809 2264 deprensa
829 2193 900 2258 est,
925 2205 1052 2246 summa
1075 2184 1205 2269 quidem
1227 2193 1294 2246 arte
1317 2194 1350 2245 et

192 2288 355 2376 industria
369 2289 473 2364 ducis,
497 2310 574 2350 cum
596 2285 659 2350 alia
673 2288 815 2351 minatus
832 2288 896 2350 alia
911 2288 1096 2372 inrupisset.
1121 2289 1213 2353 euius
1228 2292 1348 2352 aduen-

193 2410 247 2460 tus
261 2396 330 2478 ipse
354 2397 432 2458 adeo
453 2383 604 2457 terribilis
627 2392 695 2474 regi
710 2393 773 2478 fuit
799 2403 838 2456 ut
859 2394 1013 2456 interesse
1034 2414 1100 2470 non
1115 2397 1265 2470 auderet,
1294 2394 1350 2457 sed

137 2517 172 2566 20
193 2504 334 2587 gerenda
348 2500 484 2563 ducibus
505 2500 592 2561 bella
606 2497 819 2561 mandauerit.
846 2501 959 2562 absens
981 2521 1055 2581 ergo
1080 2499 1187 2562 uictus
1208 2499 1294 2582 fugit
1314 2499 1351 2571 in

195 2607 297 2672 maria
311 2606 515 2686 insulamque
539 2603 791 2678 Samothracen,
808 2603 910 2666 fretus
927 2605 1052 2667 delubri
1067 2603 1240 2686 religione,
1258 2604 1350 2687 quasi

195 2712 317 2794 templa
332 2721 364 2772 et
380 2732 451 2771 arae
466 2718 596 2792 possent
612 2708 793 2784 defendere,
811 2731 907 2791 quem
918 2731 978 2772 nec
989 2708 1178 2772 montes‘sui
1192 2730 1251 2772 nee
1264 2730 1352 2772 arma

195 2817 388 2904 potuissent.
402 2835 508 2906 nemo
523 2835 636 2896 regum
650 2813 773 2876 diutius
795 2812 931 2877 amissae
952 2811 1101 2885 fortunae
1122 2815 1352 2878 conscientiam

197 2921 343 2988 retinuit.
362 2920 499 3004 supplex
514 2941 588 2981 cum
603 2913 754 2981 scriberet
770 2920 810 2981 ad
829 2919 1054 3002 imperatorem
1069 2921 1180 2985 abillo
1202 2944 1265 3003 quo
1277 2943 1352 2983 con-

143 3044 177 3093 25
198 3031 326 3114 fugerat
342 3026 461 3110 templo
473 3046 654 3106 nomenque
666 3023 820 3106 epistolae
832 3035 959 3087 notaret
971 3047 1078 3102 suum,
1095 3049 1203 3110 regem
1215 3026 1349 3094 addidit.

198 3137 255 3198 sed
269 3155 328 3196 nec
343 3131 541 3194 reuerentior
556 3141 666 3213 captae
687 3129 865 3192 maiestatis
888 3128 971 3192 alius
986 3131 1090 3199 Paulo
1114 3132 1188 3194 fuit.
1220 3155 1295 3195 cum
1317 3131 1353 3194 in

198 3247 406 3321 conspectum
417 3236 561 3301 uenisset
575 3236 690 3312 hostis,
704 3235 739 3297 in
752 3221 907 3299 tribunali
919 3235 1039 3318 recepit
1051 3247 1083 3298 et
1095 3237 1254 3305 conuiuiis
1263 3231 1353 3300 adhi-

198 3345 270 3408 buit
284 3344 464 3426 liberosque
480 3340 648 3404 admonuit
663 3362 738 3404 suos
753 3351 791 3402 ut
812 3339 993 3415 fortunam,
1003 3341 1071 3402 eui
1086 3324 1216 3405 tantum
1230 3320 1352 3419 liceret,

200 3453 432 3524 reuererentur.
451 3449 535 3530 inter
548 3446 780 3529 pulcherrimos
795 3445 883 3506 hunc
896 3465 1022 3526 quoque
1033 3447 1173 3529 populus
1185 3450 1354 3510 Romanus

201 3557 240 3618 de
257 3553 447 3617 Macedonia
461 3551 556 3615 duxit
571 3573 607 3614 ac
622 3549 706 3615 uidit
727 3549 929 3632 triumphum
935 3572 945 3623 3
975 3550 1095 3633 quippe
1116 3552 1209 3614 cuius
1232 3564 1354 3635 specta·

180 3717 184 3724 ’
204 3727 214 3775 1
230 3739 321 3793 perses
334 3737 375 3772 om
387 3732 406 3773 Β
418 3719 428 3790 ΙΙ
441 3723 456 3772 2
469 3718 637 3772 ueementius
650 3717 665 3770 b
678 3718 687 3788 ll
700 3721 715 3769 3
729 3723 898 3787 consurgunt
914 3727 938 3768 N
949 3717 959 3786 11
972 3719 1078 3770 trechas
1089 3731 1114 3771 N
1125 3719 1133 3789 11
1141 3725 1209 3790 pato
1221 3721 1249 3772 in
1260 3738 1304 3773 res
1318 3721 1326 3791 11
1339 3726 1355 3773 4

200 3813 320 3862 traxerat
331 3819 351 3860 Β
363 3806 372 3876 i
385 3801 520 3860 industria
531 3803 723 3856 macedonibus
740 3801 864 3858 thracum
884 3799 1026 3871 disciplina
1036 3816 1056 3857 Β
1068 3805 1078 3874 ΙΙ
1091 3809 1105 3856 5
1120 3804 1290 3874 disciplinam
1301 3823 1356 3858 ma-

204 3893 360 3948 cedonicam
371 3903 397 3944 N
406 3892 415 3962 11
429 3895 444 3944 6
462 3890 508 3942 hic
518 3901 544 3941 N
554 3889 563 3959 ll
576 3906 592 3940 a
603 3905 645 3940 om
656 3899 681 3940 N
692 3887 701 3956 11
715 3891 729 3940 7
743 3887 840 3938 abruta
850 3899 895 3938 ΒΝ
904 3887 913 3957 ll
927 3890 942 3938 8
954 3887 1108 3957 reliquisset
1118 3902 1137 3942 Β
1151 3889 1159 3958 11
1173 3890 1358 3944 euiderentur

202 3991 227 4032 N
237 3979 246 4048 11
259 3985 351 4030 tamen
362 3975 473 4045 scripsi:
486 3991 548 4027 nam
560 3984 605 4025 ΒΝ
615 3972 623 4042 ll
639 3973 668 4022 11
683 3971 827 4023 astundam
838 3983 863 4023 Ν
873 3971 882 4041 ΙΙ
895 3972 1062 4041 peracerbos
1068 3973 1227 4043 dubiosque
1237 3977 1358 4030 tumulos

202 4075 227 4116 N
238 4064 246 4133 11
259 4063 307 4116 illa
318 4079 388 4131 quae
400 4059 558 4115 uolneribus
569 4067 595 4110 N
605 4056 614 4126 11
630 4057 660 4108 11
673 4062 704 4108 21
719 4073 761 4107 om
774 4065 799 4108 N
810 4056 819 4126 11
832 4057 977 4110 uidebatur
992 4067 1019 4108 N
1029 4059 1037 4128 ΙΙ
1054 4061 1083 4110 13
1104 4060 1245 4128 eruptione
1263 4061 1360 4113 terruit

202 4159 226 4200 N
237 4148 246 4217 11
261 4151 291 4198 15
305 4153 333 4199 21
344 4165 387 4198 om
397 4159 423 4199 N
433 4143 442 4217 ss
457 4149 488 4198 16
501 4143 580 4198 222122
591 4154 616 4194 N
627 4141 635 4211 i
652 4129 680 4192 11
694 4141 821 4209 depressa
831 4153 856 4192 N
872 4141 881 4210 ll
903 4144 934 4193 18
946 4140 1157 4194 aliaseminatus
1169 4143 1236 4195 alias
1247 4143 1359 4213 inrepis-

203 4233 299 4301 221211
314 4234 345 4282 19
359 4247 391 4283 2ο
402 4242 428 4282 N
438 4231 447 4300 11
461 4232 491 4282 rt
507 4228 613 4282 delubri
631 4227 749 4280 Tollius:
763 4224 863 4278 celebri
873 4237 917 4276 ΒΝ
928 4224 937 4294 ll
951 4227 983 4276 23
999 4226 1140 4279 ammissae
1157 4227 1245 4297 Β1124
1264 4236 1293 4280 et
1310 4230 1359 4280 im-

203 4323 353 4384 peratorem
369 4328 389 4368 Β
402 4315 411 4379 l
424 4332 455 4368 ae
473 4315 521 4368 illo
541 4313 701 4382 confugerat
711 4323 737 4364 N
747 4311 756 4381 11
769 4313 801 4364 16
825 4309 983 4379 magestatis
1005 4309 1091 4379 Β1121
1113 4318 1259 4381 conspectu
1277 4324 1297 4363 Β
1309 4312 1318 4380 {l
1332 4311 1359 4363 in

202 4398 334 4468 templum
345 4412 371 4452 N
380 4401 389 4468 l
