3300 5084
713 288 910 331 rnnsrsrro.
1158 350 1161 355 θ
1199 276 1383 334 XXXVIIII

216 463 287 504 cum
303 439 393 504 tellis
416 437 558 500 lacerata
581 437 848 526 ciuilibus-atque
865 437 1013 502 intestino
1033 439 1119 502 malo
1130 461 1248 521 pressa
1270 461 1383 510 rursus
1436 433 1439 437 ’

217 531 263 608 ad
275 544 415 628 repimen
430 542 606 626 steyaert
622 541 751 624 imperii
763 542 879 606 recidit
892 543 987 626 quasi
1000 545 1047 606 ad
1058 544 1193 607 alteram
1207 545 1383 629 infantiam

216 650 372 733 reuoluta.
387 648 509 710 amissa
521 643 605 736 caim
616 647 770 724 libertate,
785 670 880 732 qaam
888 649 994 711 Bruto
1006 650 1084 711 duce
1094 658 1126 712 et
1136 658 1262 712 auctore
1274 651 1382 733 defen-

121 787 123 791 *
152 773 158 784 “
217 757 324 830 derat,
343 754 389 817 ita
405 753 567 816 consenuit
582 761 744 836 tamquam
758 763 937 818 sustmtcre
954 777 988 816 ce
1007 753 1079 836 ipso
1093 777 1157 829 non
1177 755 1300 818 asbret
1319 754 1386 817 nisi

216 858 409 922 adminiculo
429 841 799 942 repentiumsniterctar’.
840 869 1098 943 quantacumque
1118 860 1216 922 huius
1231 852 1382 923 distribu-

216 963 331 1040 tionis,
356 986 454 1046 quam
469 986 489 1026 a
504 964 626 1027 Seneca
639 963 758 1028 factam
772 966 962 1028 Lactantius
977 966 1092 1041 refert,
1116 965 1293 1028 similitudo
1309 988 1383 1029 cum

216 1093 254 1132 ea
268 1057 317 1133 est
332 1091 429 1152 quam
441 1069 475 1130 in
487 1069 575 1131 Flori
589 1069 670 1132 libro
683 1070 863 1134 adhibitam
877 1071 1027 1154 legimuS,
1044 1093 1109 1133 non
1120 1093 1250 1153 prorsus
1273 1082 1382 1134 tamen

215 1186 384 1256 utramque
399 1173 483 1236 inter
498 1175 727 1258 seconspirarc
741 1177 868 1242 monuit
882 1176 1056 1240 rectissime
1072 1176 1205 1241 Vossius
1228 1178 1267 1239 de
1282 1178 1382 1240 histo·
1451 1166 1454 1171 ’

213 1281 288 1343 ricis
303 1282 333 1356 I,
354 1287 404 1355 30,
422 1289 563 1343 ceterum
577 1280 704 1344 leuibus
719 1282 912 1345 coniecturis
926 1283 1024 1346 nimis
1038 1282 1221 1364 indulgens.
1247 1291 1284 1344 ut
1298 1281 1383 1343 nihil

215 1386 259 1447 de'
270 1407 308 1446 ea
322 1407 355 1446 re
372 1384 496 1474 dicam,
520 1388 604 1468 quod
627 1387 816 1450 Lactantius
836 1389 877 1450 de
897 1389 976 1459 urbe
996 1390 1102 1450 Roma
1121 1387 1281 1469 loquitur,
1307 1409 1382 1449 cum

214 1491 329 1568 Florus
352 1491 509 1572 populum
530 1493 717 1555 Romanum
739 1496 897 1576 producat
917 1533 956 1541 -—
981 1493 1142 1556 namhoc
1171 1515 1191 1554 a
1212 1492 1382 1555 Lactantio

213 1604 376 1658 mutatum
390 1596 493 1660 uideri
508 1598 610 1680 possit
624 1637 678 1675 —-,
695 1621 762 1662 non
776 1599 871 1662 nouit
886 1600 1000 1662 Florus
1016 1599 1187 1662 discrimen
1200 1598 1301 1674 illud,
1319 1620 1382 1680 quo

214 1702 336 1764 Seneca
351 1701 521 1765 infantiam
536 1726 555 1767 a
569 1705 708 1787 pueritia
730 1705 882 1786 seiungit.
908 1700 986 1766 xtum
1009 1725 1088 1766 nero
1114 1705 1236 1766 Seneca
1256 1704 1382 1766 adules-

213 1807 337 1876 centiae
352 1807 525 1870 terminum
540 1831 616 1871 cum
630 1812 695 1872 fine
709 1809 787 1872 belli
803 1809 922 1872 Punici
943 1794 1039 1891 primi
1061 1808 1171 1890 ponit,
1195 1808 1309 1872 Florus
1325 1831 1380 1870 au-

214 1923 280 1976 tem
295 1924 369 1977 ante
385 1913 516 1976 initium
531 1914 600 1978 eius
614 1914 702 1977 belli.
728 1898 900 1978 infantiam
915 1913 1002 1976 enim
1015 1904 1117 1995 usque
1133 1914 1174 1975 ad
1188 1903 1380 1988 libertatem,

214 2019 466 2083 adulescentiam
481 2042 582 2102 usque
599 2023 639 2083 ad
655 2030 756 2085 totam
773 2020 907 2084 Italiam
923 2020 1090 2082 subactam
1104 2018 1249 2102 porrigit,
1267 2018 1381 2081 iuuen-

214 2133 336 2200 tutem,
362 2147 458 2207 quam
479 2147 501 2208 p
525 2131 576 2202 56,
597 2133 626 2188 8.
654 2133 704 2203 75,
731 2133 747 2188 9
774 2136 913 2207 aetatem
937 2123 1184 2188 transmarinam
1203 2133 1315 2200 uocat,
1346 2123 1382 2185 in

213 2221 372 2293 domando
403 2240 470 2294 toto
500 2241 656 2295 terrarum
677 2232 751 2295 orbe
774 2242 964 2316 occupatam
986 2231 1089 2321 ponit.
1128 2230 1267 2313 denique
1296 2231 1382 2312 quod

213 2337 300 2418 opud
315 2336 522 2398 Lactantium
536 2339 642 2400 Roma
657 2329 698 2400 ad
717 2338 862 2421 regimen
884 2330 1056 2418 singularis
1077 2335 1205 2417 imperii
1227 2335 1320 2417 quasi
1341 2337 1382 2397 ad

176 2511 181 2516 ¹
211 2441 346 2503 alteram
360 2421 533 2503 infantiam
548 2441 696 2504 reuoluta
711 2443 847 2516 dicitur,
871 2441 906 2502 id
926 2453 1003 2503 san'e
1023 2462 1090 2502 uon
1112 2440 1232 2522 optime
1247 2433 1321 2500 cum
1335 2438 1381 2501 eis

210 2546 347 2626 quadrat
361 2565 443 2625 quae
458 2546 544 2626 apud
558 2546 721 2628 Florump
737 2554 793 2608 105
810 2547 973 2627 leguntur.
992 2556 1123 2626 apparet
1137 2544 1238 2628 igitur
1245 2565 1314 2618 eos,
1325 2542 1383 2625 ‘qui

193 2719 196 2724 ¹
211 2671 251 2711 ex
263 2649 324 2710 hoc
340 2648 503 2711 Lactantii
517 2650 587 2712 loco
599 2651 771 2713 effecerunt
788 2650 973 2732 scriptorem
984 2649 1141 2733 epitomae
1158 2652 1197 2713 L.
1211 2650 1383 2712 Annaeum

211 2755 367 2818 Senecam
379 2753 490 2830 fuisse,
507 2744 663 2819 nonsatis
679 2765 825 2818 accurate
841 2777 909 2817 rem
924 2765 1090 2833 tractasse,
1106 2754 1292 2839 pracsertim
1307 2766 1382 2817 cum

209 2861 302 2922 nulla
316 2883 349 2922 re
366 2860 518 2944 explicari
530 2861 641 2944 possit,
659 2864 746 2925 unde
758 2863 890 2924 taudem
901 2861 988 2924 Flori
1000 2883 1121 2925 nomen
1128 2860 1265 2923 uenerit.
1284 2882 1382 2943 quare

211 2965 307 3028 etiam
335 2988 373 3029 ea
398 2966 682 3051 conciduntssquae
709 2967 784 3030 huic
814 2967 1017 3031 coniecturae
1044 2976 1263 3054 superstructa
1287 2975 1378 3040 sunt,

210 3073 304 3154 quale
320 3075 468 3155 estquod
491 3075 530 3136 ab
551 3076 688 3137 Annaeo
710 3073 804 3136 Floro
827 3073 1000 3137 Octauiam
1026 3072 1175 3154 scriptam
1198 3093 1266 3134 esse
1287 3081 1379 3154 puta·

209 3187 285 3241 runt
300 3178 343 3241 G.
362 3179 390 3241 I.
410 3179 544 3242 Vossius
560 3188 656 3262 atquc
672 3178 853 3241 Withofius
869 3179 1124 3242 coniecturarum
1140 3180 1229 3260 IIIp
1244 3174 1379 3260 108sqq.

209 3284 265 3345 sed
280 3293 388 3344 tamen
404 3283 445 3345 ad
460 3283 547 3346 Flori
561 3283 730 3366 ingenium
745 3295 831 3346 recte
851 3285 1087 3348 aestimandum
1108 3283 1285 3364 plurimum
1304 3282 1382 3344 facit

211 3388 296 3467 quod
312 3388 398 3467 apud
412 3389 623 3451 Lactantium·
640 3389 789 3470 legimus.
822 3389 879 3452 ille
902 3389 1018 3471 igitur,
1041 3387 1098 3471 qui
1119 3388 1204 3450 nihil
1223 3389 1288 3450 fere
1309 3409 1381 3469 pro-

208 3488 315 3572 prium
329 3489 427 3551 habet
435 3493 519 3572 quod
527 3491 588 3553 sibi
603 3492 663 3556 soli
679 3494 805 3568 debeat,
817 3493 919 3558 etiam
932 3493 1017 3554 hanc
1035 3492 1212 3574 imaginem
1227 3514 1246 3554 a
1260 3492 1381 3581 Seneca

208 3603 375 3658 mutuatus
391 3605 458 3670 est,
476 3617 572 3677 quam
587 3597 756 3660 rhetoricis
771 3596 947 3680 pigmentis
963 3606 1140 3658 exornaret.
1165 3607 1325 3673 ceterum,
1344 3603 1381 3660 ut

208 3701 269 3763 hoc
284 3701 419 3775 addam,
446 3700 570 3763 Seneca
591 3724 610 3764 a
624 3703 795 3786 Lactantio
811 3711 1077 3766 commemoratus
1092 3711 1182 3785 pater
1196 3702 1381 3786 philosophi

185 3807 187 3812 ’
207 3805 354 3889 intellegi
369 3807 476 3882 debet,
493 3828 588 3889 quem
603 3807 751 3872 historias
767 3811 807 3872 ab
830 3808 923 3871 initio
938 3810 1097 3877 bellorum
1111 3807 1258 3870 ciuilium
1278 3826 1381 3891 paene

207 3935 309 3996 usque
342 3912 383 3974 ad
417 3907 528 3976 mortis
555 3935 632 3976 suae
649 3913 744 3976 diem
769 3915 978 3997 perscripssse
1008 3935 1026 3976 e
1058 3913 1238 3997 fragmento
1270 3915 1331 3977 filii
1363 3937 1382 3977 a

207 4017 387 4080 Niebuhrio
416 4019 541 4082 detecto
564 4019 694 4083 scimus.
734 4020 761 4084 is
789 4020 891 4104 igitur
910 4042 986 4082 cum
1011 4030 1211 4083 senectutem
1240 4021 1378 4095 Romae,

208 4144 304 4205 quam
321 4123 450 4208 abellis
469 4124 620 4188 ciuilibus
642 4124 852 4208 incipientem
873 4125 968 4201 fecit,
996 4123 1237 4207 descripsisset,
1265 4125 1380 4188 Florus

103 4304 107 4310 ⁵
199 4227 379 4294 ,infantiam
394 4231 646 4295 adulescentiam
661 4231 869 4294 iuuentutem
888 4229 950 4293 sibi
964 4229 1115 4312 sumpsit.

230 4417 233 4422 μ
293 4335 358 4398 Sed
373 4355 445 4398 ecce
460 4317 574 4400 Florus
589 4336 625 4398 in
639 4336 788 4400 manibus
800 4347 860 4411 est,
877 4358 898 4398 a
908 4357 972 4417 quo
991 4334 1153 4416 epitomen
1171 4329 1380 4415 perscriptam
