3300 5084
305 339 364 400 110
538 305 541 318 ¹
790 353 861 397 1vn1
877 351 975 395 mom

301 507 355 568 hie
370 525 403 568 se
416 504 550 586 piratica
567 504 661 566 turba
675 513 783 584 turpet
799 502 954 565 Puteolos
966 499 1109 562 Formias
1121 499 1335 573 Vulturnum,
1352 507 1454 562 totam

301 609 437 691 denique
452 608 664 691 Campaniam
676 605 808 675 Pontias
821 615 854 669 et
864 605 1048 682 Aenariam,
1062 604 1134 686 ipsa
1148 603 1292 666 Tiberini
1307 602 1454 679 fluminis

301 737 355 778 ora
369 714 541 796 populatus
556 723 616 776 est.
634 712 769 776 subinde
784 731 972 793 congressus
987 708 1132 773 Caesaris
1146 718 1248 771 naues
1261 718 1295 771 at
1309 708 1455 772 incendit

302 831 334 883 et
345 818 495 883 demersit
500 843 510 894 3
525 839 584 880 neo
595 818 664 902 ipse
675 828 815 892 tantum,
829 819 885 880 sed
893 819 1007 878 Menas
1016 824 1049 877 et
1060 814 1271 890 Menecrates,
1286 814 1381 878 foeda
1392 837 1455 879 ser-

301 925 393 1000 uitia,
402 939 481 1007 quos
489 923 583 987 classi
593 917 797 1006 praefecerat,
811 914 1032 1005 praedabundi
1038 939 1095 1002 per
1103 918 1327 995 litoracuncta
1334 918 1450 982 uolita·
1467 930 1483 979 5

299 1031 389 1094 bant.
404 1031 444 1093 ob
456 1030 535 1114 haec
547 1038 594 1092 tot
604 1049 753 1112 prospera
765 1034 895 1090 centum
905 1026 1011 1089 bubus
1023 1024 1141 1086 auratis
1149 1023 1381 1089 Pelorolitauit
1390 1022 1454 1106 spi·

300 1145 487 1217 rantemque
502 1121 620 1215 equum
635 1153 709 1195 cum
723 1153 801 1194 auro
815 1131 852 1194 in
866 1131 984 1193 fretum
997 1129 1104 1206 misit,
1121 1132 1207 1193 dona
1219 1131 1397 1214 Neptune,
1412 1139 1452 1193 nt

301 1261 334 1302 se
348 1239 445 1302 maris
460 1247 562 1302 rector
575 1238 611 1300 in
626 1259 684 1300 suo
699 1236 780 1299 mari
794 1257 928 1318 regnare
941 1243 1115 1318 pateretur.
1140 1257 1178 1299 eo
1192 1236 1330 1319 denique
1342 1234 1452 1298 discri-

300 1344 428 1406 minum
463 1334 599 1408 uentum
627 1352 675 1406 est
702 1350 740 1404 ut
760 1341 873 1404 foedus
894 1350 1012 1430 etpax
1033 1361 1109 1404 cum
1129 1341 1222 1404 hoste
1242 1375 1285 1389 -
1310 1340 1339 1403 si
1358 1340 1455 1403 modo

212 1441 217 1451 ’
301 1448 402 1511 hostis
418 1445 554 1529 Pompei
567 1443 654 1507 filius
669 1479 706 1490 ·-
723 1456 832 1509 tamen
853 1445 1011 1508 feriretur.
1035 1454 1194 1527 quantum
1207 1447 1261 1523 id,
1286 1446 1343 1510 sed
1356 1446 1456 1508 breue
1475 1458 1508 1506 10

301 1552 457 1636 gaudium
478 1551 541 1614 fuit
550 1595 561 1627 ,
585 1571 659 1612 eum
679 1550 715 1614 in
733 1551 850 1616 Baiani
870 1550 972 1613 litoris
993 1552 1078 1614 mole
1093 1552 1133 1614 de
1147 1550 1254 1614 reditu
1269 1549 1338 1613 eius
1352 1560 1386 1614 et
1399 1551 1455 1614 bo·

301 1677 416 1720 norum
435 1655 639 1720 restitutione
661 1655 833 1732 conuenit,
857 1677 994 1738 cumque
1015 1655 1177 1719 inuitante
1199 1654 1270 1738 ipso
1284 1653 1320 1716 in
1334 1675 1455 1718 nauem

302 1761 499 1826 discubitum
520 1767 585 1835 est,
609 1767 641 1821 et
662 1759 718 1823 ille
737 1771 856 1825 sortem
875 1783 968 1824 suam
987 1760 1183 1846 increpitans
1201 1753 1277 1823 ‘hae
1297 1751 1383 1822 sunt'
1405 1759 1455 1822 in·

301 1865 372 1948 quit
383 1859 523 1930 ‘cannae
537 1855 648 1928 meae'.
672 1863 753 1927 haut
766 1864 954 1942 incomiter,
975 1867 1079 1948 quod,
1096 1886 1172 1928 cum
1192 1865 1226 1928 in
1249 1865 1454 1929 celeberrima

300 1981 391 2054 parte
406 1971 493 2034 urbis
508 1968 634 2034 Carinis
649 1979 740 2051 pater
754 1969 822 2034 eius
838 1970 1031 2047 habitasset,
1053 1970 1155 2053 ipsius
1178 1972 1292 2034 domus
1308 1979 1340 2032 et
1354 1991 1452 2053 pena-
1471 1981 1503 2032 15

301 2085 349 2137 tes
369 2075 405 2137 in
419 2075 498 2138 naui
519 2075 705 2156 penderent.
741 2077 797 2138 red
815 2074 1050 2158 inportunitate
1071 2072 1208 2138 Antonii
1230 2083 1264 2136 et
1283 2074 1453 2158 Pompeia·

301 2197 417 2242 norum
430 2181 600 2255 bonorum,
616 2198 752 2262 quorum
767 2189 871 2242 sector
884 2180 940 2244 ille
954 2181 1068 2256 fuerat,
1085 2179 1204 2263 praeda
1214 2179 1368 2243 denerata
1377 2197 1451 2262 pos-

302 2282 400 2346 sessio
419 2303 547 2348 manere
575 2305 641 2346 non
661 2292 803 2364 poterat:
829 2286 1003 2347 detrectare
1024 2284 1129 2368 coepit
1149 2282 1450 2366 foederis-pactum.

301 2387 410 2470 itaque
424 2388 507 2452 itum
521 2390 562 2450 ad
577 2405 664 2450 arma
678 2407 808 2465 rursus,
832 2400 865 2452 et
886 2389 952 2453 iam
971 2389 1046 2453 totis
1061 2388 1188 2472 imperii
1202 2386 1324 2451 ruribus
1341 2388 1452 2452 classis

301 2493 335 2556 in
351 2493 503 2556 iuuenem
519 2501 690 2574 conparata
704 2503 770 2569 est,
794 2493 885 2557 cuius
904 2493 1028 2557 molitio
1042 2494 1113 2577 ipsa
1126 2491 1309 2576 magnifica.
1333 2492 1452 2575 quippe
1470 2504 1505 2555 2⁰

301 2597 450 2660 interciso
472 2597 678 2660 Herculanae
693 2596 765 2659 uiae
786 2596 890 2659 limite
912 2597 1101 2680 refossisque
1122 2597 1269 2662 litoribus
1290 2597 1452 2662 Lucrinus

302 2703 390 2764 lacus
412 2709 555 2763 mutatus
577 2701 613 2763 in
640 2710 770 2783 portum
794 2701 888 2783 eique
914 2702 1092 2786 interrupto
1118 2701 1224 2766 medio
1255 2701 1383 2764 additus
1405 2711 1453 2764 est

301 2807 470 2880 Auernus,
493 2814 531 2867 ut
552 2805 588 2868 in
607 2805 664 2868 illa
680 2827 836 2888 aquarum
855 2806 962 2888 quiete
984 2807 1094 2871 classis
1115 2791 1257 2870 exercita
1271 2806 1445 2890 imaginem

301 2907 378 2970 belli
398 2909 523 2972 naualis
546 2910 691 2993 agitaret.
720 2920 811 2973 tanta
832 2912 917 2974 mole
937 2911 1015 2974 belli
1036 2912 1157 2996 petitus
1178 2911 1214 2972 in
1237 2911 1346 2974 Siculo
1367 2910 1448 2972 freto

301 3011 429 3074 iuuenis
444 3033 613 3095 oppressus
629 3025 677 3078 est
684 3062 695 3091 ,
718 3015 896 3098 magnique,
911 3014 1031 3078 famam
1043 3016 1136 3081 ducis
1151 3016 1192 3079 ad
1207 3015 1326 3078 inferos
1341 3035 1452 3078 secum
1468 3026 1503 3076 25
1609 3099 1616 3105 .

237 3174 239 3180 ,
302 3115 447 3192 tulisset,
471 3117 499 3181 si
520 3119 605 3182 nihil
624 3119 979 3202 temptasset·ulterius;
1004 3120 1068 3183 nisi
1083 3121 1169 3204 quod
1182 3140 1319 3202 magnae
1333 3119 1452 3184 indolis

304 3220 433 3310 signum
447 3233 497 3286 est
512 3245 637 3306 sperare
652 3245 786 3308 semper.
810 3225 943 3319 perditis
963 3225 1050 3288 enim
1064 3227 1158 3288 rebus
1172 3223 1314 3308 profugit
1328 3225 1452 3288 Asiam-

304 3347 365 3407 que
380 3326 461 3391 uelis
483 3328 584 3410 petit,
608 3339 764 3393 uenturus
784 3329 832 3392 ibi
855 3330 890 3393 in
909 3351 1025 3395 manus
1046 3331 1191 3396 hostium
1211 3339 1244 3393 et
1263 3341 1392 3394 catenas
1407 3342 1451 3406 et,

306 3683 315 3731 1
333 3680 377 3732 hio
389 3697 417 3732 se
428 3681 515 3750 pirata
526 3681 630 3734 naualis
642 3692 668 3734 Ν
682 3682 785 3736 omissis
796 3685 889 3736 madm
903 3687 986 3736 1-24
999 3684 1009 3753 ΙΙ
1020 3685 1143 3752 sortasse
1162 3685 1207 3737 hic
1218 3702 1247 3737 se
1259 3684 1346 3756 pirata
1358 3684 1451 3737 tueba-

302 3771 356 3817 tur.
382 3773 444 3834 post
455 3765 584 3818 Puteolos
597 3766 606 3833 ΙΙ
619 3772 709 3819 tonam
723 3779 742 3819 Β
755 3767 763 3835 ΙΙ
777 3771 792 3819 2
805 3774 833 3820 et
844 3768 974 3820 tenariam
985 3780 1005 3821 Β
1018 3768 1027 3838 ΙΙ
1042 3772 1056 3820 3
1078 3785 1237 3839 congressas
1253 3780 1273 3822 Β
1285 3769 1295 3838 it
1309 3773 1324 3820 4
1341 3767 1451 3820 emersit

301 3860 321 3900 Β
333 3848 342 3918 fl
354 3865 461 3902 mensas
480 3862 500 3902 Β
513 3849 522 3918 ss
534 3851 693 3902 menecratis
711 3850 820 3902 foedera
840 3850 855 3902 b
873 3851 881 3921 Η
902 3855 918 3903 5
935 3852 1123 3921 praedabundi
1139 3851 1284 3905 Halmius:
1303 3849 1450 3919 praebendi

301 3945 320 3984 Β
332 3932 342 4001 ss
356 3937 370 3984 7
383 3933 435 3985 hoc
446 3932 579 4002 putabant
585 3939 650 4002 post
660 3934 789 4005 Neptuno
802 3934 856 3986 add
865 3947 900 3999 Β,
921 3937 964 3989 del
973 3937 1112 4005 Haupta'as
1125 3937 1134 4006 ss
1148 3940 1163 3989 9
1175 3943 1207 3989 ut
1218 3952 1272 4004 pax
1290 3945 1309 3986 Β
1322 3933 1332 4002 Η
1348 3933 1450 4006 lbred·

227 4007 230 4012 ¹
302 4017 361 4070 ditu
372 4030 391 4069 Β
404 4017 414 4086 Π
429 4021 459 4070 13
472 4016 599 4086 inquid·B
612 4017 620 4088 n
636 4021 667 4070 14
679 4025 728 4071 aut
737 4031 757 4072 Β
770 4018 778 4087 ΙΙ
794 4022 825 4071 15
838 4026 965 4087 paenatcs
977 4033 996 4074 Β
1009 4021 1018 4089 ss
1034 4025 1065 4073 16
1077 4022 1279 4091 inportumanes
1293 4029 1312 4069 Β
1325 4017 1334 4088 ss
1349 4021 1380 4070 17
1394 4035 1450 4071 sec·

301 4108 344 4152 tor
357 4100 389 4152 b:
407 4108 523 4155 sectator
534 4114 553 4154 Β
566 4102 574 4172 Ι(
588 4101 685 4172 praede
697 4114 716 4154 Β
729 4101 738 4172 Ι]
754 4104 783 4155 19
803 4102 872 4154 itum
889 4105 1036 4158 Halmius:
1054 4104 1129 4156 inille
1147 4117 1166 4157 Β
1179 4103 1188 4173 {l
1201 4109 1229 4154 et
1240 4101 1270 4154 in
1281 4102 1347 4155 totis
1358 4114 1378 4155 Β
1390 4101 1400 4171 [l
1415 4104 1446 4155 23

301 4183 477 4253 illaequarum
488 4199 508 4240 Β
521 4187 529 4254 ΙΙ
543 4191 575 4238 25
591 4203 731 4255 opraessus
742 4198 762 4237 Β
774 4185 782 4254 i
795 4187 849 4238 fam
861 4187 906 4257 ΝΗ
919 4181 952 4240 26
971 4188 1083 4242 ulterius
1098 4188 1168 4241 nihil
1187 4187 1241 4240 nisi
1258 4186 1303 4257 ΝΕ
1316 4190 1348 4240 27
1361 4186 1450 4256 perdi-

302 4267 386 4321 disset
396 4278 421 4318 Ν
431 4268 442 4338 ΙΙ
453 4270 544 4338 progit
554 4281 578 4322 Ν
589 4271 598 4340 Η
612 4274 643 4323 28
656 4263 754 4324 uentus
765 4280 784 4324 Β
797 4271 806 4341 {1
818 4272 943 4324 manibus
954 4284 974 4323 Β
986 4274 995 4341 ss
