3300 5084
274 348 386 424 ‘XXII'
416 324 418 328 Ι
771 376 968 423 futurarm.

509 533 539 589 X
917 534 946 588 Β
1058 571 1062 576 1
1266 531 1303 587 Ν

620 624 738 668 obnoxium
892 655 894 660 ·

186 761 191 770 Ι
287 688 399 766 p106,
417 691 594 744 7tenerum
605 693 637 744 et
645 703 734 766 opor·
766 691 915 744 tenerum
940 688 972 742 et
998 681 1096 742 obno-
1133 688 1334 743 tenerumet
1355 681 1453 741 obno-

457 797 575 852 tunum
589 785 726 850 iniuriae
797 786 889 849 xiu'm
912 794 944 847 et
966 795 1094 867 oportu—
1164 784 1257 847 xium
1272 796 1305 847 et
1324 794 1452 868 oportu-

453 939 608 983 exactoribus
795 912 877 953 num
893 890 1030 966 iniuriae
1109 926 1111 929 '
1163 912 1244 952 num
1257 889 1396 953 iniuriae

326 1003 396 1072 121,
413 1002 449 1058 21
466 1006 560 1059 taxeo
582 995 732 1079 exprimi·
764 1019 805 1060 ex
819 995 984 1085 arboribus
1000 1006 1095 1060 taxeo
1132 1019 1172 1059 ex
1184 995 1347 1059 arboribus
1365 1007 1452 1060 taxe·

452 1111 505 1162 tur
796 1101 987 1186 exprimitur
1162 1101 1190 1164 is
1206 1102 1405 1184 exprimitur.

284 1287 350 1350 huc
364 1285 503 1370 pertinet
518 1288 604 1368 quod
619 1308 694 1349 eum
708 1311 729 1371 p
749 1294 819 1364 106,
839 1296 878 1351 25
895 1278 974 1351 olim
989 1289 1145 1352 traditum
1164 1285 1262 1349 fuerit
1282 1308 1376 1349 arma
1391 1285 1451 1348 cic-

284 1401 340 1454 rut
360 1391 458 1475 idque
480 1392 677 1474 explicatum
691 1392 726 1454 a'u
741 1415 835 1456 ormo
849 1381 1067 1469 reudcuuerut,
1085 1402 1115 1456 B
1126 1393 1257 1475 quidem
1272 1401 1376 1454 totum
1390 1391 1452 1454 hoc

285 1497 444 1580 glossema
468 1496 605 1586 recepit,
634 1503 673 1560 N
684 1507 791 1560 autem
816 1520 911 1562 uerae
936 1498 1083 1562 lectionis
1100 1480 1139 1561 'et
1159 1497 1256 1560 simul
1278 1497 1450 1578 interpola-

285 1601 382 1665 tionis
410 1601 549 1686 uestigia
575 1601 718 1665 seruauit
743 1602 911 1667 scribendo
941 1603 976 1666 iu
1004 1626 1097 1666 arma
1120 1603 1213 1665 ierat.
1249 1622 1316 1664 uno
1342 1612 1451 1663 autem

285 1706 356 1770 loco
371 1707 405 1769 in
422 1707 554 1790 antiquo
569 1707 626 1770 illo
642 1708 749 1772 codice
765 1720 913 1792 corrupta
927 1707 1125 1772 lectioetiam
1141 1708 1333 1790 glossemate
1348 1705 1448 1790 expli·
1513 1690 1515 1697 ¹

285 1823 356 1876 cata
370 1813 469 1876 fuisse
481 1812 621 1877 uidetur.
654 1836 731 1886 nam
752 1817 838 1897 quod
857 1822 949 1898 pst,
970 1822 1007 1878 13
1029 1813 1064 1875 in
1086 1810 1123 1875 N
1134 1811 1253 1895 legitur
1267 1821 1446 1896 utcumque,

285 1917 319 1981 id
334 1939 465 1980 sensum
485 1919 616 1981 nullum
636 1919 753 1982 habere
780 1921 837 1982 diu
861 1911 1065 2004 perspectum
1081 1928 1152 1992 est,
1176 1907 1265 1999 'quod
1291 1907 1406 1980 autem*
1421 1925 1450 1980 B

283 2025 415 2107 praebet
429 2023 467 2087 id
479 2023 759 2107 qualitercumque,
784 2024 848 2086 hoc
866 2025 950 2088 nihil
970 2024 1034 2086 nisi
1048 2022 1344 2106 interpretationem
1359 2022 1451 2084 uerbi

284 2138 451 2211 utcumque
472 2150 541 2190 esse
561 2128 616 2190 uel
643 2128 789 2191 additum
812 2130 850 2192 td
872 2129 1004 2214 [idest]
1029 2130 1238 2191 demonstrat.
1272 2127 1450 2211 antiquitus

284 2232 383 2316 igitur
397 2253 455 2314 pro
470 2254 507 2294 eo
535 2233 620 2314 quod
635 2254 749 2295 uerum
764 2256 833 2296 esse
861 2246 941 2317 puto
964 2226 1148 2317 ‘hucusque’
1169 2255 1274 2296 errore
1297 2235 1451 2316 seriptum

283 2346 450 2428 utcumque
465 2336 561 2419 idque
576 2347 688 2418 postea
702 2339 899 2421 explicatum
914 2350 973 2402 est.
1143 2338 1146 2342 ’

345 2463 428 2528 Aliis
443 2461 521 2526 locis
537 2462 572 2526 in
587 2469 618 2526 X
632 2486 698 2527 non
715 2465 943 2548 explicationes
960 2466 1137 2548 adscriptae
1148 2476 1252 2542 erant,
1270 2469 1326 2530 sed
1340 2467 1449 2530 uariae

283 2568 453 2644 lectiones,
477 2568 523 2632 ita
545 2579 582 2632 ut
596 2570 651 2632 uel
666 2592 750 2633 error
765 2571 887 2634 librarii
898 2572 1107 2655 corrigeretur
1129 2572 1183 2634 uel
1205 2570 1332 2636 diuersa
1354 2573 1449 2636 lectio
1491 2634 1494 2647 ,

282 2676 506 2760 undecumque
526 2685 604 2739 nata
625 2679 849 2762 adnotaretur3
875 2679 961 2752 uude
976 2676 1068 2756 xidem
1090 2678 1176 2760 quod
1197 2676 1232 2739 in
1247 2679 1467 2761 glossematis

285 2775 625 2844 factumesseuidimus
634 2782 687 2844 hie
696 2782 816 2858 euenit,
834 2792 871 2844 ut
886 2793 1021 2866 utraque
1035 2781 1131 2845 lectio
1144 2781 1179 2843 in
1187 2789 1253 2846 BN
1265 2785 1447 2847 transferre-

284 2893 347 2945 tur.
366 2885 453 2965 quod
468 2906 531 2968 quo
546 2885 662 2949 clarius
677 2887 888 2971 perspiciatur
901 2889 1042 2970 primum
1053 2911 1090 2950 ea
1103 2889 1253 2972 exempla
1267 2911 1449 2971 conponam

282 2985 398 3070 quibus
413 2994 451 3053 N
457 2985 641 3074 utramque,
659 2999 689 3056 Β
703 2993 837 3057 alteram
847 3004 954 3058 utram
968 3004 1096 3058 tantum
1107 2993 1277 3058 lectionem
1286 2993 1449 3057 seruauit„

505 3183 534 3238 B
911 3187 942 3244 X
1128 3226 1131 3231 >
1265 3184 1303 3243 N
1346 3189 1349 3194 ’
1449 3192 1454 3199 ’

174 3327 180 3334 ’
280 3339 367 3418 pro,
383 3335 570 3400 ramatum
757 3297 902 3434 sternii
1125 3316 1319 3402 maniam
1383 3391 1428 3422 „¹

317 3481 370 3570 20,
386 3481 425 3538 20
438 3475 535 3538 armis
551 3485 583 3538 et
757 3432 913 3543 armdtim
983 3562 996 3604 d
1126 3489 1283 3541 armatam
1296 3479 1387 3543 misit

997 3575 1045 3607 elim

317 3620 370 3690 24,
386 3619 422 3676 21
438 3624 586 3678 senatum
611 3637 726 3699 regum
755 3628 903 3681 senatum
931 3640 1045 3702 regum
1126 3630 1276 3682 senatum
1309 3624 1446 3702 regnum

444 3742 513 3782 esse
787 3747 855 3788 esse
899 3777 902 3781 ,
1157 3727 1254 3788 deum
1270 3747 1339 3787 esse

754 3807 858 3850 infestum

318 3861 369 3929 30,
388 3861 424 3917 15
436 3855 597 3920 insessum
612 3860 651 3921 ab
668 3861 724 3923 ho-
753 3863 913 3926 insessum
928 3865 967 3925 ab
985 3863 1085 3927 hosti·
1123 3862 1279 3926 infestum
1294 3873 1326 3925 et
1340 3863 1443 3925 inces-

445 3961 563 4025 stibus.
787 3969 849 4031 bus
960 4052 971 4094 s
1155 3989 1228 4031 sum
1243 3970 1284 4031 ab
1295 3967 1443 4032 hostibus

970 4058 1086 4095 rusuren-

316 4104 367 4175 32,
386 4106 421 4162 18
434 4083 569 4183 praedae
598 4141 630 4151 -
653 4105 724 4168 flui-
752 4108 888 4190 praedae
912 4145 955 4154 --
977 4107 1084 4170 fluita-
1121 4109 1257 4190 praedae
1272 4108 1442 4171 -frusta-

442 4214 548 4270 tarent
784 4197 857 4309 {ugnt
1153 4224 1264 4277 rentur
1284 4224 1316 4276 et
1336 4212 1442 4276 fluita-

453 4415 460 4427 .
752 4365 848 4434 slpplum
1152 4330 1225 4382 rent

314 4420 366 4490 44,
382 4421 421 4476 25
435 4418 575 4501 s1pylum
752 4422 872 4504 epulum
1121 4423 1261 4507 sipylum
1277 4433 1309 4488 et
1324 4425 1443 4509 spilum
