3300 5084
287 344 329 405 62
783 361 854 427 1an
870 361 968 407 rnoru

287 531 364 576 mox
379 509 546 592 mgnitum
560 521 621 587 est,
638 530 679 574 ex
693 510 863 593 splendore
877 512 1045 594 galeamn
1059 531 1130 574 acre
1151 532 1337 595 repercusso
1352 516 1446 604 quasi
1481 588 1485 592 p

289 618 399 680 ardere
413 615 538 680 caelum
556 599 737 682 uideretur.
772 637 833 703 nec
852 617 959 694 minor
980 639 1056 683 oum
1075 617 1230 685 uxoribus
1254 642 1366 689 eorum
1386 644 1446 705 pu·

286 743 352 804 gna
365 741 462 804 quam
476 742 552 784 cum
567 721 647 804 ipsis
658 721 740 796 fuit;
768 721 987 786 cum'obiectis
1009 721 1154 806 undique
1174 717 1327 807 plaustris
1351 738 1448 812 atque
1478 714 1481 716 i

283 827 450 910 ,carpentis
474 827 559 893 altae
581 829 717 910 desuper
731 827 897 894 securibus
910 827 1077 917 contisque
1098 842 1292 912 pugnarent.
1316 833 1448 915 perinde

291 933 433 1016 speciosa
447 954 532 996 mors
547 954 658 998 earum
671 932 735 998 fuit
749 955 847 1016 quarn
860 954 981 1016 pugna.
1005 955 1083 1002 nam
1105 957 1180 1001 cum
1200 936 1299 1000 missa
1320 940 1361 1003 ad
1375 940 1446 1006 Ma·
1466 951 1482 1000 5
1542 982 1545 991 ,

291 1037 376 1104 rium
390 1037 551 1121 legatione
565 1038 750 1104 libertatem
758 1035 802 1102 'ao
817 1038 1032 1105 sacerdotium
1045 1061 1113 1104 non
1131 1040 1347 1124 inpetrassent
1368 1045 1449 1125 (neo

293 1143 340 1208 fas
356 1146 464 1226 erat),
481 1135 643 1209 suffocatis
665 1141 816 1226 elisisque
837 1143 959 1225 passim
978 1143 1158 1225 infantibus
1173 1147 1241 1211 suis
1256 1158 1312 1216 aut
1325 1148 1449 1212 mutuis

273 1263 279 1277 ‘
293 1248 459 1314 concidere
474 1247 662 1312 uulneribus
678 1257 736 1310 aut
751 1247 884 1313 uinculo
898 1270 917 1312 e
930 1249 1072 1316 crinibus
1088 1251 1154 1316 suis
1174 1253 1260 1316 facto
1275 1252 1314 1316 ab
1329 1252 1448 1323 arbori·

292 1355 355 1418 bus
377 1353 525 1436 iugisque
545 1352 763 1436 plaustrorum
782 1356 1014 1436 pependerrmt.
1052 1355 1185 1433 Boiorix
1212 1380 1270 1428 rex
1289 1359 1325 1421 in
1346 1359 1451 1442 prima

296 1459 363 1524 acie
378 1458 534 1528 dimicans
549 1457 674 1540 inpigre
688 1480 748 1529 uec
763 1457 890 1523 inultus
906 1459 1073 1529 occiditur.
1470 1476 1503 1526 10

382 1563 491 1630 Tertia
506 1562 736 1646 Tigurinorum
749 1585 884 1640 marius,
902 1587 984 1648 quac
999 1566 1092 1649 quasi
1106 1567 1140 1629 in
1157 1567 1300 1633 subsidio
1314 1568 1450 1634 Noricos

296 1651 457 1736 insederat
471 1667 605 1752 Alpium
619 1669 781 1745 tumulos,
804 1669 841 1734 in
854 1667 982 1734 diuersa
996 1672 1104 1754 elapsa
1116 1673 1195 1756 fuga
1208 1674 1345 1757 ignobili
1360 1685 1392 1741 et
1405 1677 1451 1738 la-

298 1775 441 1842 trociniis
462 1775 607 1841 euanuit.
643 1774 731 1838 hunc
756 1783 823 1842 tam
848 1777 971 1840 laetum
995 1786 1127 1859 tamque
1151 1776 1279 1843 felicem
1300 1779 1453 1847 liberatae

299 1881 414 1946 Italiae
429 1879 610 1962 adsertique
625 1879 752 1964 imperii
766 1880 922 1949 nuntium
935 1903 1002 1949 non
1016 1903 1073 1965 per
1086 1881 1247 1961 homines,
1264 1895 1302 1948 ut
1316 1887 1451 1962 solebat,

298 1988 437 2071 populus
452 1987 619 2052 Romanus
634 1985 768 2067 accepit,
786 1988 842 2054 sed
856 2008 914 2069 per
927 1987 1026 2070 ipsos,
1042 1987 1071 2050 si
1085 1989 1211 2053 credere
1225 1988 1274 2053 fas
1285 2000 1346 2066 est,
1362 1992 1449 2054 deos.
1473 2001 1506 2061 15

196 2156 198 2164 ,
300 2093 419 2176 quippe
441 2093 553 2154 eodem
571 2091 628 2154 die
659 2112 722 2174 quo
736 2101 893 2174 gestares
914 2102 964 2156 est
991 2092 1055 2155 uisi
1076 2113 1135 2175 pro
1156 2095 1234 2157 aede
1256 2096 1400 2163 Pollucis
1421 2105 1454 2160 et

301 2196 442 2266 Castoris
457 2195 591 2260 iuuenes
606 2197 766 2262 laureatas
781 2196 921 2280 praetori
941 2197 1064 2262 litteras
1084 2199 1170 2274 dare,
1187 2198 1400 2284 frequensque
1419 2200 1455 2263 in

282 2279 484 2386 'spectaculo
504 2323 613 2366 rumor
639 2301 793 2368 uictoriae
823 2301 1003 2366 Cimbricae
1032 2343 1067 2372 a,
1094 2305 1180 2384 quod
1203 2303 1240 2366 in
1263 2305 1455 2386 gladiatorio

301 2429 433 2472 munere
448 2405 518 2470 fieri
532 2407 613 2471 solet
623 2400 773 2472 ‘feliciter
783 2399 810 2472 1'
826 2406 920 2470 dixit.
951 2426 1016 2489 quo
1026 2395 1104 2489 quid
1119 2406 1358 2484 admirabilius,
1374 2409 1455 2491 quid

301 2511 544 2598 insignius‘fieri
564 2513 690 2594 potest?
717 2513 836 2596 quippe
857 2513 951 2577 uelut
971 2513 1056 2577 elata
1075 2513 1241 2577 montibus
1263 2513 1330 2585 suis
1352 2515 1459 2579 Roma
1475 2527 1510 2582 2ο

303 2620 483 2702 spectaculo
498 2617 576 2682 belli
587 2617 767 2695 interesset,
784 2640 852 2684 uuo
866 2619 1042 2701 eodemque
1056 2630 1232 2698 momento,
1249 2641 1324 2691 cum
1337 2617 1374 2685 in
1388 2618 1456 2684 acie

303 2725 426 2790 Cimbri
441 2724 698 2802 succumberent,
714 2723 855 2808 populus
869 2723 906 2788 in
920 2724 1000 2788 urbe
1014 2725 1200 2807 plaudebat.

536 2944 743 3009 XXXVIII.
768 2944 954 3008 BELLVM
970 2943 1227 3024 THBAGIVM.
1244 3025 1246 3029 ι

198 3151 252 3206 111,
269 3132 289 3192 4
305 3133 385 3196 Post
399 3129 612 3202 Macedonem,
628 3126 656 3190 si
671 3126 720 3190 dis
734 3127 858 3209 placet,
875 3127 1015 3192 Thraces
1030 3129 1205 3205 rebellant,
1231 3127 1282 3192 illi
1297 3134 1459 3212 quondam

261 3235 264 3254 ²
304 3232 465 3298 tributarii
476 3234 704 3308 Macedonum,
720 3253 780 3294 nec
792 3231 827 3293 in
838 3233 999 3318 proximas
1011 3235 1107 3299 modo
1117 3233 1301 3318 prouincias
1313 3236 1457 3298 contenti
1478 3246 1512 3297 25

174 3326 192 3368 7
304 3340 487 3416 incurrere,¹
508 3337 709 3404 Thessaliam
728 3348 824 3423 atquc
847 3338 1063 3415 Delmatiam,
1093 3339 1129 3425 in
1150 3339 1352 3406 Adriaticum
1371 3363 1459 3405 mare

305 3467 407 3528 usque
421 3454 582 3508 uenerimt
590 3467 600 3520 ;
625 3465 725 3525 eoque
740 3445 805 3507 fine
819 3443 955 3520 retenti,
972 3443 1064 3527 quasi
1078 3443 1314 3509 interueniente
1328 3457 1456 3522 natura,

308 3730 464 3802 lplendore
481 3743 526 3784 ΒΝ
541 3731 550 3801 11
568 3730 717 3800 gallearum
734 3741 753 3782 Β
773 3729 782 3800 11
803 3746 865 3781 aere
883 3746 1041 3799 repercusso
1058 3729 1170 3798 scripsi:
1188 3746 1249 3787 aere
1260 3725 1418 3800 percussam
1431 3730 1456 3794 b,

306 3833 366 3870 aera
378 3832 505 3886 percusso
517 3828 554 3881 Β,
573 3833 604 3868 ac
620 3830 779 3886 repercussu
791 3825 817 3866 N
832 3814 842 3883 11
862 3831 943 3884 quam
955 3812 1048 3866 ardere
1060 3825 1079 3867 Β
1096 3814 1105 3884 11
1126 3818 1141 3865 4
1161 3814 1215 3868 alte
1228 3815 1343 3884 desuper
1355 3815 1460 3884 quasia

305 3900 424 3954 turribus
436 3900 536 3954 lanceis
549 3899 689 3970 contisque
700 3909 726 3949 N
736 3897 745 3966 11
759 3900 774 3950 8
786 3897 820 3950 ab
833 3916 875 3950 om
886 3911 905 3952 Β
918 3898 927 3967 11
938 3897 1227 3966 aplaustrorumquea
1239 3898 1249 3968 11
1261 3897 1374 3951 Boiorix
1389 3901 1461 3951 Gra·

307 3990 394 4039 tcruc:
407 3984 506 4038 boleris
517 3997 545 4048 Β,
559 3982 675 4038 boeleris
686 3981 731 4055 Ν1
743 3981 831 4052 prima
842 3999 885 4034 oen
895 3993 921 4034 Ν
930 3981 940 4053 11
956 3985 986 4036 10
999 3981 1128 4035 occubuit
1143 3982 1189 4052 Ν1
1204 3984 1232 4040 11
1252 3982 1361 4035 noricus
1371 3995 1391 4036 Β
1404 3982 1413 4052 11
1429 3985 1459 4035 12

306 4059 401 4138 elapsa
409 4068 520 4138 ammai:
538 4067 623 4138 elapsi
634 4079 662 4131 Β,
677 4066 746 4136 lapsi
758 4078 783 4118 Ν
793 4065 802 4136 11
815 4083 831 4118 e
842 4065 991 4129 latrociniis
1002 4078 1023 4120 Β
1034 4067 1044 4136 11
1067 4069 1097 4120 15
1110 4065 1151 4118 fas
1163 4072 1205 4119 est
1214 4066 1240 4120 si
1252 4067 1360 4124 credere
1371 4080 1391 4122 Β
1404 4068 1413 4136 11
1429 4071 1461 4120 16

198 4177 199 4180 “
306 4154 380 4226 quod
392 4165 411 4206 Β
424 4153 432 4224 11
444 4153 499 4206 uisi
511 4153 609 4223 praede
620 4163 640 4204 Β
653 4151 662 4222 11
678 4153 707 4203 17
722 4156 839 4202 castores
851 4161 871 4202 Β
883 4149 893 4219 11
910 4148 1025 4204 laureati
1035 4162 1062 4202 Ν
1077 4151 1086 4220 11
1106 4150 1213 4204 tradere
1224 4163 1247 4203 Ν
1265 4150 1274 4222 11
1295 4154 1327 4203 18
1340 4151 1415 4220 quod
1427 4180 1462 4190 —

305 4238 375 4292 solet
380 4243 445 4308 post
455 4239 598 4291 interesset
604 4239 712 4304 ponunt
721 4245 766 4288 ΒΝ
776 4234 784 4304 11
803 4237 836 4287 20
848 4240 912 4304 pote
924 4241 996 4288 estB
1013 4234 1024 4304 11
1043 4237 1077 4288 22
1091 4234 1199 4288 cimbris
1210 4248 1236 4288 Ν
1252 4236 1261 4305 11
1282 4238 1314 4288 23
1326 4246 1461 4288 22221111

303 4335 323 4376 Β
336 4323 346 4393 11
358 4335 526 4378 1221110111
538 4332 563 4373 Ν
573 4320 582 4390 11
596 4323 629 4373 24
642 4311 731 4388 111111
748 4318 916 4372 rebellabant
926 4330 952 4371 N
961 4318 971 4388 11
984 4318 1036 4388 ipsi
1046 4331 1073 4371 N
1082 4318 1093 4388 11
1105 4322 1139 4373 26
1151 4320 1293 4376 thesaliam
1304 4332 1324 4372 Β
1336 4319 1346 4390 1
1359 4319 1461 4374 dalma-

304 4407 370 4461 tiam
384 4418 428 4460 ΒΝ
438 4406 447 4476 11
458 4403 638 4460 hadriaticum
649 4414 675 4455 N
685 4402 694 4473 11
707 4405 740 4458 27
748 4402 801 4456 sini
812 4414 837 4456 N
848 4402 857 4472 11
869 4402 969 4457 retenti
984 4403 1134 4458 Gracmbs:
1147 4405 1268 4460 contenti
1278 4416 1323 4465 ΒΝ
1333 4404 1343 4475 11
