3300 5084
304 332 344 394 98
787 346 859 394 rvnr
875 349 972 394 ruem

303 499 427 564 exitum
438 496 543 562 uirtus
558 518 624 564 non
635 497 778 573 haberet,
796 499 928 564 tandem
938 520 979 561 ne
990 498 1026 560 in
1037 497 1234 564 deditionem
1244 499 1370 567 ueniret
1384 499 1457 565 hor·

304 613 394 668 tante
409 601 539 668 tribuno
551 602 683 668 Vulteio
694 602 816 669 mutuis
828 603 946 671 ictibus
961 602 1046 667 inter
1061 625 1095 666 se
1109 604 1281 669 concurrit.
1291 603 1335 675 in
1349 605 1459 672 Africa

211 703 215 708 ’
303 729 429 790 quoque
444 729 502 790 par
516 717 549 770 et
563 707 668 774 uirtus
680 717 713 774 et
727 708 893 776 calamitas
912 708 1063 775 Curionis
1076 707 1159 783 fuit,
1175 707 1232 790 qui
1247 711 1289 771 ad
1303 694 1457 794 recipien-

303 815 378 878 dam
392 812 593 895 prouinciam
607 813 724 879 missus
738 815 832 896 pulso
847 815 1022 896 fugatoque
1033 815 1120 905 llere
1132 815 1287 896 superbus
1311 815 1456 881 subitum

302 901 404 980 Iubae
429 917 513 1000 regis
536 919 712 981 aduentum
735 920 978 1002 equitatumque
1000 919 1190 983 Maurorum
1211 918 1369 983 sustinere
1391 933 1493 982 nona

301 1020 424 1104 potuit..
450 1023 683 1104 patebat-uicto
698 1024 794 1107 fugae
820 1025 876 1090 sed
895 1024 998 1106 pudor
1022 1022 1143 1098 suasit,
1165 1034 1204 1091 ut
1224 1024 1378 1088 amissum
1399 1046 1458 1087 sua

301 1126 481 1192 temeritate
496 1127 672 1194 exercitum
686 1141 788 1196 morte
803 1138 1000 1210 sequeretur.

348 1267 351 1278 =
373 1265 375 1268 ·
388 1231 453 1298 Sed
467 1231 533 1298 iarn
548 1233 693 1300 debitum
707 1256 765 1318 par
780 1235 925 1300 Fortuna
939 1232 1108 1316 flagitante
1128 1235 1237 1298 sedem
1257 1235 1343 1307 bello
1359 1238 1454 1302 Pom·

300 1336 392 1420 peius
407 1330 530 1418 Epiron
545 1338 704 1420 elegerat,
726 1360 786 1406 nec
808 1340 926 1406 Caesar
945 1339 1141 1405 morabatur.
1167 1337 1284 1422 quippe
1300 1340 1453 1406 ordinatis

302 1463 321 1506 a
335 1452 425 1524 tergo
441 1441 610 1526 omnibus,
625 1444 774 1526 quamuis
789 1443 915 1526 hiemps
931 1442 1037 1511 media
1051 1442 1235 1525 prohiberet
1249 1453 1452 1527 tempestate,
1475 1457 1508 1510 10

302 1549 343 1610 ad
365 1547 487 1613 bellum
516 1547 686 1630 nauigauit
711 1548 887 1633 positisque
910 1551 952 1616 ad
972 1547 1106 1616 Oricum
1127 1548 1259 1624 castris,
1287 1572 1362 1614 cum
1381 1551 1461 1633 pars

301 1652 459 1716 exercitus
485 1654 526 1717 ob
552 1652 696 1736 inopiam
720 1651 857 1720 nauium
881 1674 956 1720 cum
981 1652 1126 1717 Antonio
1151 1652 1262 1719 relicta
1286 1644 1455 1726 Brundisii

300 1779 423 1823 moram
437 1758 566 1833 faceret,
584 1760 663 1824 adeo
678 1757 840 1840 inpatiens
855 1767 923 1824 erat
935 1771 975 1823 ut
987 1759 1028 1823 ad
1039 1760 1241 1822 arcessendos
1256 1781 1309 1822 eos
1324 1761 1455 1824 ardente

301 1863 408 1928 uentis
423 1863 516 1938 mari,
532 1875 626 1929 nocte
641 1863 809 1939 concubia,
827 1862 1039 1947 speculatorio
1051 1863 1183 1945 nauigio
1195 1865 1281 1930 solus
1294 1864 1339 1927 ire
1351 1874 1452 1946 temp·

302 1969 429 2034 tauerit.
456 1969 601 2034 exterae
621 1968 781 2051 trepidum
806 1978 896 2035 tante
918 1966 1103 2034 discrimine
1123 1970 1369 2050 gubernatorem
1388 1990 1453 2032 uox
1476 1980 1508 2029 lt

261 2073 263 2078 ’
300 2073 402 2156 ipsius
421 2067 605 2146 ‘Gaesarem
619 2065 736 2142 uehis.²
767 2072 938 2141 contractis
960 2072 996 2137 iu
1018 2094 1121 2140 uuum
1140 2074 1285 2155 undique
1306 2073 1454 2136 omnibus

301 2178 400 2260 copiis
415 2177 589 2260 positisque
604 2176 783 2240 comminus
796 2175 907 2237 castris
923 2177 1051 2239 diuersa
1066 2186 1156 2238 erant
1172 2178 1292 2239 ducum
1306 2177 1451 2243 consilia,

302 2275 425 2348 caesar
439 2304 496 2365 pro
515 2293 632 2346 natura
657 2283 746 2344 ferox
768 2291 800 2345 et
826 2279 1042 2343 conficiendae
1064 2279 1111 2346 rei
1131 2280 1267 2362 cupidus
1293 2292 1454 2344 ostentare

302 2387 414 2464 aciem,
432 2389 604 2470 prouocare
619 2387 789 2459 lacessere3
814 2406 902 2449 nunc
917 2383 1081 2452 obsidione
1095 2394 1291 2459 castrorum,
1307 2406 1390 2466 quae
1406 2407 1453 2448 se-

301 2492 552 2561 decirnmilium
570 2491 658 2555 uallo
680 2491 858 2556 obduxerat
879 2527 924 2536 -
938 2491 994 2554 scd
1010 2489 1089 2572 quid
1102 2488 1153 2552 his
1169 2490 1294 2554 obesset
1316 2488 1451 2569 obsidio,
1473 2501 1507 2552 20

303 2598 358 2680 qui
374 2609 507 2681 patente
528 2595 610 2660 mari
633 2595 780 2659 omnibus
804 2595 904 2678 copiis
927 2593 1146 2660 abundarent?
1176 2606 1455 2677 nunc'enpugna-

302 2702 390 2766 tione
411 2701 569 2788 Dyrrachi
588 2701 703 2776 inrita,
732 2701 851 2784 quippe
873 2722 971 2782 quam
989 2701 1044 2763 uel
1066 2699 1147 2764 situs
1169 2699 1454 2781 inexpugnabilem

243 2807 245 2810 ’
302 2808 419 2873 faceret
427 2832 436 2881 ;
462 2808 579 2872 adhoc
594 2806 737 2872 adsiduis
752 2806 787 2870 in
799 2805 967 2888 eruptione
979 2804 1123 2871 hostium
1136 2803 1278 2887 proeliis,
1294 2825 1359 2886 quo
1374 2815 1453 2869 tem-

301 2933 377 2994 pore
392 2910 521 2992 egregia
532 2912 636 2974 uirtus
649 2912 824 2974 Scaeuolae
836 2911 1034 2978 centurionis
1046 2909 1190 2984 emicuit,
1208 2907 1301 2970 cuius
1315 2908 1351 2973 iu
1363 2920 1453 2973 scuto

302 3025 432 3078 centurn
447 3024 542 3095 atque
565 3014 684 3096 uiginti
706 3016 770 3076 tela
792 3017 917 3089 sedere3
942 3014 1008 3080 iam
1029 3035 1105 3079 uero
1127 3013 1256 3077 urbium
1276 3012 1452 3096 direptione
1473 3024 1506 3075 25

302 3119 458 3183 sociarum
471 3140 546 3182 curn
561 3116 692 3182 Oricum
708 3129 740 3182 et
755 3118 912 3201 Gonph'os
927 3128 960 3183 et
972 3117 1037 3182 alia
1051 3119 1182 3183 castella
1196 3117 1382 3182 Thessaliae
1397 3140 1452 3182 ua·

303 3227 410 3288 staret.
444 3223 617 3305 Pompeius
634 3224 786 3290 aduersus
801 3223 881 3286 haec
896 3232 1022 3286 nectere
1036 3245 1158 3299 moras,
1176 3222 1391 3306 tergiuersari,
1408 3222 1453 3287 sic

302 3331 427 3395 hostem
441 3328 651 3393 interclustnn
666 3328 810 3410 undique
824 3327 935 3411 inopia
956 3341 1194 3395 commeatuum
1214 3339 1335 3404 terere,
1352 3349 1454 3410 usque

303 3437 381 3498 dum
391 3433 607 3501 ardentissimi
616 3432 706 3502 ducis
713 3431 952 3499 consenesceret
962 3433 1113 3515 impetus.
1127 3452 1188 3494 nec
1199 3431 1322 3497 diutius
1333 3431 1454 3515 profuit

304 3540 393 3605 ducis
409 3541 547 3606 salutare
563 3537 744 3608 consilium.
774 3537 867 3605 miles
883 3537 1004 3614 otium,
1028 3537 1106 3601 socii
1127 3559 1267 3616 moram,
1292 3536 1453 3620 principes
1474 3548 1517 3602 30.

277 3790 279 3798 '
304 3796 314 3844 1
331 3791 440 3846 tandem
451 3791 548 3861 scripta
554 3813 563 3844 :
583 3797 673 3848 tamen
684 3804 720 3845 rr
730 3790 739 3860 ΙΙ
752 3797 858 3848 ortante
869 3803 895 3845 N
905 3791 915 3861 ss
928 3796 942 3844 2
955 3790 984 3844 in
996 3808 1026 3847 ae
1038 3788 1208 3847 concucurrit
1218 3799 1243 3843 N
1260 3786 1270 3858 ss
1284 3791 1299 3838 4
1312 3803 1390 3841 uarro
1410 3786 1452 3855 all

258 3899 261 3910 ·
302 3878 355 3930 iam
373 3875 506 3946 superbus
517 3888 541 3928 N
559 3876 567 3945 ΙΙ
583 3880 596 3930 7
609 3877 704 3936 mortis
716 3889 735 3930 a
749 3877 758 3946 il
771 3879 786 3928 9
799 3893 902 3946 epyron
914 3887 933 3927 Β
945 3875 954 3945 ΙΙ
967 3881 1088 3931 moratur
1096 3887 1122 3929 N
1132 3873 1141 3944 {l
1157 3876 1186 3926 te
1199 3871 1353 3940 prohiberet
1364 3869 1453 3922 media

300 3960 429 4014 Halmius
441 3961 450 4030 ss
466 3963 493 4014 ll
509 3959 650 4030 dorrycum
662 3972 687 4012 N
697 3959 705 4030 Η
721 3963 751 4012 12
765 3959 906 4015 brundisio
917 3960 962 4030 Nu
978 3964 1008 4014 13
1021 3945 1193 4012 accersendos
1204 3966 1230 4008 N
1239 3953 1248 4024 Η
1264 3956 1295 4005 14
1306 3968 1378 4005 mare
1389 3954 1453 4025 cNtt

303 4049 333 4100 15
353 4051 416 4098 exta
432 4043 568 4114 trepidum
585 4056 610 4096 N
627 4045 636 4114 ll
656 4047 687 4098 16
699 4044 784 4114 ipsius
796 4044 864 4114 quid
879 4044 958 4098 umes
970 4060 1103 4102 caesarem
1115 4040 1172 4096 uei·
1183 4039 1228 4109 Ni
1243 4039 1274 4089 18
1286 4037 1454 4100 hoalentaret

304 4131 318 4184 b
332 4131 340 4200 tt
357 4133 387 4184 la
399 4148 454 4184 non
467 4128 609 4184 obsidione
626 4141 646 4184 a
658 4129 667 4198 ll
687 4132 719 4182 20
738 4128 909 4186 obduxerant
924 4141 945 4182 B
957 4128 967 4198 l
979 4128 1003 4182 ia
1014 4140 1033 4181 B
1045 4127 1055 4196 ΙΙ
1068 4129 1100 4182 22
1119 4122 1242 4194 dyrrhaci
1260 4134 1278 4176 a
1291 4121 1300 4192 l
1313 4138 1394 4190 quam
1410 4121 1454 4178 ¹uia

303 4215 370 4267 situs
383 4227 402 4267 a
414 4215 423 4284 Η
438 4217 468 4266 23
482 4213 585 4269 asiduis
597 4213 752 4283 inruptione
763 4227 782 4272 a
795 4214 805 4286 Η
818 4218 851 4269 24
863 4220 1001 4271 acutumN
1011 4212 1020 4281 υ
1034 4215 1067 4268 26
1078 4207 1244 4280 gomphoeN
1254 4206 1264 4278 ΙΙ
1277 4205 1332 4261 atia
1342 4204 1387 4275 ΝΠ
1400 4222 1456 4258 cas·

303 4298 368 4352 tella
379 4317 421 4350 om
433 4311 452 4351 a
464 4298 473 4367 ΙΙ
487 4299 616 4352 thesaliae
632 4311 651 4350 B
664 4299 673 4370 l
686 4305 825 4352 uastarent
842 4311 865 4350 N
877 4300 886 4367 l
899 4301 931 4351 27
952 4302 1072 4348 necterre
1083 4306 1102 4346 B
1115 4293 1124 4363 ss
1137 4290 1310 4363 tergiuersari
1326 4290 1408 4347 simul
1425 4296 1456 4342 ut

194 4433 198 4444 ,
304 4383 409 4434 hostem
427 4393 452 4433 N
468 4382 477 4451 Ιι
498 4385 530 4434 28
549 4373 720 4436 comeatuum
738 4397 757 4435 B
770 4383 778 4452 {l
792 4389 905 4436 terreret
921 4388 1005 4452 utque
1024 4377 1206 4436 ardentissimi
1223 4388 1249 4432 N
1259 4378 1269 4449 ll
1280 4381 1313 4432 30
1327 4375 1390 4433 duci
1402 4386 1427 4432 N
1437 4373 1446 4444 li
