<?xml version="1.0" encoding="UTF-8"?>
<!DOCTYPE html PUBLIC "-//W3C//DTD XHTML 1.0 Transitional//EN"
    "http://www.w3.org/TR/xhtml1/DTD/xhtml1-transitional.dtd">
<html xmlns="http://www.w3.org/1999/xhtml" xml:lang="en" lang="en">
 <head>
  <title>
</title>
<meta http-equiv="Content-Type" content="text/html;charset=utf-8" />
  <meta name='ocr-system' content='tesseract 3.04.00' />
  <meta name='ocr-capabilities' content='ocr_page ocr_carea ocr_par ocr_line ocrx_word'/>
</head>
<body>
  <div class='ocr_page' id='page_1' title='image "./ivlifloriepitom00jahngoog_0109.png"; bbox 0 0 3300 5084; ppageno 0'>
   <div class='ocr_carea' id='block_1_1' title="bbox 573 327 1434 423">
    <p class='ocr_par' dir='ltr' id='par_1_1' title="bbox 573 327 1434 423">
     <span class='ocr_line' id='line_1_1' title="bbox 573 327 1434 423; baseline -0.003 -31"><span class='ocrx_word' id='word_1_1' title='bbox 573 327 884 411; x_wconf 75' lang='lat' dir='ltr'><strong>EPITOMA1,³3[11,</strong></span> <span class='ocrx_word' id='word_1_2' title='bbox 903 340 944 389; x_wconf 81' lang='lat'><strong>17.</strong></span> <span class='ocrx_word' id='word_1_3' title='bbox 966 327 1022 412; x_wconf 80' lang='grc'>13].</span> <span class='ocrx_word' id='word_1_4' title='bbox 1342 329 1382 423; x_wconf 68' lang='grc'><strong>35</strong></span> <span class='ocrx_word' id='word_1_5' title='bbox 1430 335 1434 342; x_wconf 89' lang='grc'><em>“</em></span> 
     </span>
    </p>
   </div>
   <div class='ocr_carea' id='block_1_2' title="bbox 197 496 1383 1215">
    <p class='ocr_par' dir='ltr' id='par_1_2' title="bbox 197 496 1383 1215">
     <span class='ocr_line' id='line_1_2' title="bbox 228 496 1383 584; baseline -0.001 -21"><span class='ocrx_word' id='word_1_6' title='bbox 228 501 351 584; x_wconf 87' lang='lat' dir='ltr'><strong>pudore</strong></span> <span class='ocrx_word' id='word_1_7' title='bbox 375 497 516 582; x_wconf 87' lang='lat' dir='ltr'><strong>populus</strong></span> <span class='ocrx_word' id='word_1_8' title='bbox 542 498 729 573; x_wconf 87' lang='lat' dir='ltr'><strong>Romanus,</strong></span> <span class='ocrx_word' id='word_1_9' title='bbox 753 499 891 560; x_wconf 84' lang='lat' dir='ltr'><strong>dedecus</strong></span> <span class='ocrx_word' id='word_1_10' title='bbox 914 496 1045 578; x_wconf 90' lang='lat' dir='ltr'><strong>quidem</strong></span> <span class='ocrx_word' id='word_1_11' title='bbox 1068 496 1245 578; x_wconf 77' lang='lat' dir='ltr'><strong>praesentis</strong></span> <span class='ocrx_word' id='word_1_12' title='bbox 1265 497 1383 580; x_wconf 85' lang='lat' dir='ltr'><strong>flagitii</strong></span> 
     </span>
     <span class='ocr_line' id='line_1_3' title="bbox 198 584 1382 692; baseline -0.004 -23"><span class='ocrx_word' id='word_1_13' title='bbox 198 675 201 679; x_wconf 57' lang='grc'><strong>,</strong></span> <span class='ocrx_word' id='word_1_14' title='bbox 229 604 392 670; x_wconf 87' lang='lat' dir='ltr'><strong>deditione</strong></span> <span class='ocrx_word' id='word_1_15' title='bbox 403 602 554 667; x_wconf 76' lang='lat' dir='ltr'><strong>Mancini</strong></span> <span class='ocrx_word' id='word_1_16' title='bbox 568 602 724 684; x_wconf 86' lang='lat' dir='ltr'><strong>expiauit,</strong></span> <span class='ocrx_word' id='word_1_17' title='bbox 741 613 884 665; x_wconf 86' lang='lat' dir='ltr'><strong>ceterum</strong></span> <span class='ocrx_word' id='word_1_18' title='bbox 899 584 980 665; x_wconf 87' lang='lat' dir='ltr'><strong>duce</strong></span> <span class='ocrx_word' id='word_1_19' title='bbox 995 602 1158 685; x_wconf 83' lang='lat' dir='ltr'>Scipione,</span> <span class='ocrx_word' id='word_1_20' title='bbox 1175 601 1382 692; x_wconf 68' lang='lat' dir='ltr'><strong>Carthaginis</strong></span> 
     </span>
     <span class='ocr_line' id='line_1_4' title="bbox 230 706 1383 788; baseline -0.003 -16"><span class='ocrx_word' id='word_1_21' title='bbox 230 709 387 772; x_wconf 88' lang='lat' dir='ltr'><strong>incendiis</strong></span> <span class='ocrx_word' id='word_1_22' title='bbox 403 710 444 771; x_wconf 84' lang='lat' dir='ltr'><strong>ad</strong></span> <span class='ocrx_word' id='word_1_23' title='bbox 459 707 766 770; x_wconf 82' lang='lat' dir='ltr'><strong>excidium&#39;urbium</strong></span> <span class='ocrx_word' id='word_1_24' title='bbox 780 707 908 788; x_wconf 83' lang='lat' dir='ltr'><strong>inbuto,</strong></span> <span class='ocrx_word' id='word_1_25' title='bbox 924 708 1055 770; x_wconf 85' lang='lat' dir='ltr'><strong>tandem</strong></span> <span class='ocrx_word' id='word_1_26' title='bbox 1064 706 1162 770; x_wconf 88' lang='lat' dir='ltr'><strong>etiam</strong></span> <span class='ocrx_word' id='word_1_27' title='bbox 1176 706 1383 770; x_wconf 83' lang='lat' dir='ltr'><strong>in-ultionem</strong></span> 
     </span>
     <span class='ocr_line' id='line_1_5' title="bbox 230 811 1382 895; baseline -0.003 -17"><span class='ocrx_word' id='word_1_28' title='bbox 230 813 415 878; x_wconf 83' lang='lat' dir='ltr'><strong>excanduit.</strong></span> <span class='ocrx_word' id='word_1_29' title='bbox 430 815 486 876; x_wconf 91' lang='lat' dir='ltr'><strong>sed</strong></span> <span class='ocrx_word' id='word_1_30' title='bbox 501 824 572 877; x_wconf 92' lang='lat' dir='ltr'><strong>tum</strong></span> <span class='ocrx_word' id='word_1_31' title='bbox 587 813 689 877; x_wconf 84' lang='lat' dir='ltr'><strong>acrius</strong></span> <span class='ocrx_word' id='word_1_32' title='bbox 704 813 740 877; x_wconf 91' lang='lat' dir='ltr'><strong>in</strong></span> <span class='ocrx_word' id='word_1_33' title='bbox 755 813 866 877; x_wconf 89' lang='lat' dir='ltr'><strong>castris</strong></span> <span class='ocrx_word' id='word_1_34' title='bbox 882 834 979 895; x_wconf 88' lang='lat' dir='ltr'><strong>quam</strong></span> <span class='ocrx_word' id='word_1_35' title='bbox 993 811 1029 875; x_wconf 92' lang='lat' dir='ltr'><strong>in</strong></span> <span class='ocrx_word' id='word_1_36' title='bbox 1043 833 1168 895; x_wconf 88' lang='lat' dir='ltr'><strong>campo,</strong></span> <span class='ocrx_word' id='word_1_37' title='bbox 1184 821 1293 875; x_wconf 86' lang='lat' dir='ltr'><strong>nostro</strong></span> <span class='ocrx_word' id='word_1_38' title='bbox 1308 830 1382 874; x_wconf 87' lang='lat' dir='ltr'><strong>cmn</strong></span> 
     </span>
     <span class='ocr_line' id='line_1_6' title="bbox 197 900 1382 1003; baseline -0.002 -21"><span class='ocrx_word' id='word_1_39' title='bbox 197 934 212 982; x_wconf 85' lang='lat'>5</span> <span class='ocrx_word' id='word_1_40' title='bbox 229 919 333 984; x_wconf 88' lang='lat' dir='ltr'><strong>milite</strong></span> <span class='ocrx_word' id='word_1_41' title='bbox 348 941 445 1002; x_wconf 82' lang='lat' dir='ltr'><strong>quam</strong></span> <span class='ocrx_word' id='word_1_42' title='bbox 461 939 536 980; x_wconf 90' lang='lat' dir='ltr'><strong>cum</strong></span> <span class='ocrx_word' id='word_1_43' title='bbox 550 909 755 984; x_wconf 87' lang='lat' dir='ltr'><strong>Numantino</strong></span> <span class='ocrx_word' id='word_1_44' title='bbox 768 918 994 1003; x_wconf 82' lang='lat' dir='ltr'><strong>proeliandum</strong></span> <span class='ocrx_word' id='word_1_45' title='bbox 1005 916 1080 981; x_wconf 72' lang='lat' dir='ltr'><strong>fuit.</strong></span> <span class='ocrx_word' id='word_1_46' title='bbox 1104 916 1223 1000; x_wconf 86' lang='lat' dir='ltr'>quippe</span> <span class='ocrx_word' id='word_1_47' title='bbox 1245 900 1382 980; x_wconf 83' lang='lat' dir='ltr'><strong>assiduis</strong></span> 
     </span>
     <span class='ocr_line' id='line_1_7' title="bbox 230 1021 1383 1108; baseline -0.004 -20"><span class='ocrx_word' id='word_1_48' title='bbox 230 1035 263 1090; x_wconf 89' lang='lat' dir='ltr'><strong>et</strong></span> <span class='ocrx_word' id='word_1_49' title='bbox 283 1023 413 1088; x_wconf 84' lang='lat' dir='ltr'><strong>iniustis</strong></span> <span class='ocrx_word' id='word_1_50' title='bbox 439 1033 472 1086; x_wconf 85' lang='lat' dir='ltr'><strong>et</strong></span> <span class='ocrx_word' id='word_1_51' title='bbox 498 1024 668 1088; x_wconf 86' lang='lat' dir='ltr'><strong>seruilibus</strong></span> <span class='ocrx_word' id='word_1_52' title='bbox 694 1023 835 1089; x_wconf 88' lang='lat' dir='ltr'><strong>maxime</strong></span> <span class='ocrx_word' id='word_1_53' title='bbox 855 1023 1003 1106; x_wconf 84' lang='lat' dir='ltr'><strong>oporibus</strong></span> <span class='ocrx_word' id='word_1_54' title='bbox 1025 1022 1136 1108; x_wconf 88' lang='lat' dir='ltr'><strong>adtriti</strong></span> <span class='ocrx_word' id='word_1_55' title='bbox 1153 1022 1234 1084; x_wconf 85' lang='lat' dir='ltr'><strong>ferre</strong></span> <span class='ocrx_word' id='word_1_56' title='bbox 1254 1021 1383 1105; x_wconf 77' lang='lat' dir='ltr'><strong>plenius</strong></span> 
     </span>
     <span class='ocr_line' id='line_1_8' title="bbox 230 1121 1382 1215; baseline -0.002 -22"><span class='ocrx_word' id='word_1_57' title='bbox 230 1130 367 1205; x_wconf 91' lang='lat' dir='ltr'><strong>uallum,</strong></span> <span class='ocrx_word' id='word_1_58' title='bbox 384 1128 460 1211; x_wconf 89' lang='lat' dir='ltr'><strong>quia</strong></span> <span class='ocrx_word' id='word_1_59' title='bbox 474 1151 563 1192; x_wconf 85' lang='lat' dir='ltr'><strong>arma</strong></span> <span class='ocrx_word' id='word_1_60' title='bbox 576 1129 748 1215; x_wconf 81' lang='lat' dir='ltr'><strong>nescirent,</strong></span> <span class='ocrx_word' id='word_1_61' title='bbox 765 1131 836 1193; x_wconf 89' lang='lat' dir='ltr'><strong>luto</strong></span> <span class='ocrx_word' id='word_1_62' title='bbox 851 1126 1034 1211; x_wconf 83' lang='lat' dir='ltr'><strong>inquinari,</strong></span> <span class='ocrx_word' id='word_1_63' title='bbox 1050 1127 1127 1210; x_wconf 90' lang='lat' dir='ltr'><strong>quia</strong></span> <span class='ocrx_word' id='word_1_64' title='bbox 1142 1128 1299 1212; x_wconf 83' lang='lat' dir='ltr'><strong>sanguine</strong></span> <span class='ocrx_word' id='word_1_65' title='bbox 1312 1121 1382 1191; x_wconf 90' lang='lat' dir='ltr'><strong>nol-</strong></span> 
     </span>
    </p>
   </div>
   <div class='ocr_carea' id='block_1_3' title="bbox 213 1232 1501 1310">
    <p class='ocr_par' dir='ltr' id='par_1_3' title="bbox 213 1232 1501 1310">
     <span class='ocr_line' id='line_1_9' title="bbox 213 1232 1501 1310; baseline -0.001 -12"><span class='ocrx_word' id='word_1_66' title='bbox 213 1235 314 1310; x_wconf 87' lang='lat' dir='ltr'><strong>lent,</strong></span> <span class='ocrx_word' id='word_1_67' title='bbox 331 1234 536 1298; x_wconf 85' lang='lat' dir='ltr'><strong>iubebantur.</strong></span> <span class='ocrx_word' id='word_1_68' title='bbox 561 1237 603 1298; x_wconf 85' lang='lat' dir='ltr'><strong>ad</strong></span> <span class='ocrx_word' id='word_1_69' title='bbox 617 1235 677 1298; x_wconf 90' lang='lat' dir='ltr'><strong>hoc</strong></span> <span class='ocrx_word' id='word_1_70' title='bbox 692 1245 797 1298; x_wconf 87' lang='lat' dir='ltr'><strong>scorta</strong></span> <span class='ocrx_word' id='word_1_71' title='bbox 821 1234 949 1298; x_wconf 82' lang='lat' dir='ltr'><strong>calones</strong></span> <span class='ocrx_word' id='word_1_72' title='bbox 976 1233 1118 1296; x_wconf 77' lang='lat' dir='ltr'><strong>sarcinae</strong></span> <span class='ocrx_word' id='word_1_73' title='bbox 1138 1232 1203 1296; x_wconf 87' lang='lat' dir='ltr'><strong>nisi</strong></span> <span class='ocrx_word' id='word_1_74' title='bbox 1225 1235 1266 1296; x_wconf 85' lang='lat' dir='ltr'><strong>ad</strong></span> <span class='ocrx_word' id='word_1_75' title='bbox 1287 1255 1383 1297; x_wconf 91' lang='lat' dir='ltr'><strong>usum</strong></span> <span class='ocrx_word' id='word_1_76' title='bbox 1497 1300 1501 1306; x_wconf 42' lang='lat'><strong>.</strong></span> 
     </span>
    </p>
   </div>
   <div class='ocr_carea' id='block_1_4' title="bbox 177 1337 1475 2900">
    <p class='ocr_par' dir='ltr' id='par_1_4' title="bbox 177 1337 1475 2900">
     <span class='ocr_line' id='line_1_10' title="bbox 232 1337 1382 1423; baseline 0 -21"><span class='ocrx_word' id='word_1_77' title='bbox 232 1339 427 1406; x_wconf 79' lang='lat' dir='ltr'><strong>necessariae</strong></span> <span class='ocrx_word' id='word_1_78' title='bbox 442 1349 662 1423; x_wconf 85' lang='lat' dir='ltr'><strong>amputantur.</strong></span> <span class='ocrx_word' id='word_1_79' title='bbox 687 1341 771 1404; x_wconf 84' lang='lat' dir='ltr'><strong>tanti</strong></span> <span class='ocrx_word' id='word_1_80' title='bbox 792 1361 861 1403; x_wconf 86' lang='grc'>3333</span> <span class='ocrx_word' id='word_1_81' title='bbox 883 1338 1060 1402; x_wconf 83' lang='lat' dir='ltr'><strong>exercitum</strong></span> <span class='ocrx_word' id='word_1_82' title='bbox 1081 1338 1194 1421; x_wconf 86' lang='lat' dir='ltr'><strong>quanti</strong></span> <span class='ocrx_word' id='word_1_83' title='bbox 1209 1337 1382 1421; x_wconf 83' lang='lat' dir='ltr'><strong>&#39;imperato-</strong></span> 
     </span>
     <span class='ocr_line' id='line_1_11' title="bbox 178 1443 1383 1528; baseline 0.002 -23"><span class='ocrx_word' id='word_1_84' title='bbox 178 1456 211 1506; x_wconf 82' lang='grc'><strong>13</strong></span> <span class='ocrx_word' id='word_1_85' title='bbox 231 1466 299 1509; x_wconf 87' lang='lat' dir='ltr'><strong>rom</strong></span> <span class='ocrx_word' id='word_1_86' title='bbox 318 1467 393 1512; x_wconf 85' lang='lat' dir='ltr'><strong>uere</strong></span> <span class='ocrx_word' id='word_1_87' title='bbox 411 1446 575 1528; x_wconf 88' lang='lat' dir='ltr'><strong>proditum</strong></span> <span class='ocrx_word' id='word_1_88' title='bbox 596 1456 656 1510; x_wconf 88' lang='lat' dir='ltr'><strong>est.</strong></span> <span class='ocrx_word' id='word_1_89' title='bbox 681 1445 727 1510; x_wconf 87' lang='lat' dir='ltr'><strong>sic</strong></span> <span class='ocrx_word' id='word_1_90' title='bbox 747 1447 877 1509; x_wconf 84' lang='lat' dir='ltr'><strong>redacto</strong></span> <span class='ocrx_word' id='word_1_91' title='bbox 898 1444 934 1507; x_wconf 92' lang='lat' dir='ltr'><strong>in</strong></span> <span class='ocrx_word' id='word_1_92' title='bbox 955 1443 1160 1527; x_wconf 85' lang='lat' dir='ltr'><strong>disciplinam</strong></span> <span class='ocrx_word' id='word_1_93' title='bbox 1179 1444 1283 1507; x_wconf 88' lang='lat' dir='ltr'><strong>milite</strong></span> <span class='ocrx_word' id='word_1_94' title='bbox 1295 1466 1383 1508; x_wconf 89' lang='lat' dir='ltr'><strong>com-</strong></span> 
     </span>
     <span class='ocr_line' id='line_1_12' title="bbox 231 1550 1383 1635; baseline -0.002 -19"><span class='ocrx_word' id='word_1_95' title='bbox 231 1550 328 1616; x_wconf 85' lang='lat' dir='ltr'><strong>missa</strong></span> <span class='ocrx_word' id='word_1_96' title='bbox 341 1551 444 1628; x_wconf 86' lang='lat' dir='ltr'><strong>acies,</strong></span> <span class='ocrx_word' id='word_1_97' title='bbox 466 1554 614 1635; x_wconf 89' lang='lat' dir='ltr'><strong>quodque</strong></span> <span class='ocrx_word' id='word_1_98' title='bbox 636 1573 732 1616; x_wconf 89' lang='lat' dir='ltr'><strong>nemo</strong></span> <span class='ocrx_word' id='word_1_99' title='bbox 745 1552 893 1616; x_wconf 84' lang='lat' dir='ltr'><strong>uisurum</strong></span> <span class='ocrx_word' id='word_1_100' title='bbox 907 1571 1109 1635; x_wconf 88' lang='lat' dir='ltr'><strong>seumquam</strong></span> <span class='ocrx_word' id='word_1_101' title='bbox 1123 1561 1305 1632; x_wconf 84' lang='lat' dir='ltr'><strong>sperauerat</strong></span> <span class='ocrx_word' id='word_1_102' title='bbox 1319 1550 1383 1614; x_wconf 87' lang='lat' dir='ltr'><strong>fac·</strong></span> 
     </span>
     <span class='ocr_line' id='line_1_13' title="bbox 232 1639 1383 1740; baseline -0.002 -20"><span class='ocrx_word' id='word_1_103' title='bbox 232 1666 321 1732; x_wconf 90' lang='lat' dir='ltr'><strong>tum,</strong></span> <span class='ocrx_word' id='word_1_104' title='bbox 336 1667 375 1720; x_wconf 90' lang='lat' dir='ltr'><strong>ut</strong></span> <span class='ocrx_word' id='word_1_105' title='bbox 388 1656 550 1740; x_wconf 84' lang='lat' dir='ltr'><strong>fugientes</strong></span> <span class='ocrx_word' id='word_1_106' title='bbox 566 1658 785 1722; x_wconf 82' lang='lat' dir='ltr'><strong>Numantinos</strong></span> <span class='ocrx_word' id='word_1_107' title='bbox 807 1656 978 1740; x_wconf 85' lang='lat' dir='ltr'><strong>quisquam</strong></span> <span class='ocrx_word' id='word_1_108' title='bbox 995 1656 1131 1719; x_wconf 87' lang='lat' dir='ltr'><strong>uideret.</strong></span> <span class='ocrx_word' id='word_1_109' title='bbox 1155 1639 1270 1722; x_wconf 79' lang='lat' dir='ltr'><strong>dedere</strong></span> <span class='ocrx_word' id='word_1_110' title='bbox 1285 1656 1383 1721; x_wconf 86' lang='lat' dir='ltr'><strong>etiam</strong></span> 
     </span>
     <span class='ocr_line' id='line_1_14' title="bbox 231 1758 1389 1846; baseline -0.001 -22"><span class='ocrx_word' id='word_1_111' title='bbox 231 1784 270 1825; x_wconf 87' lang='lat' dir='ltr'><strong>se·</strong></span> <span class='ocrx_word' id='word_1_112' title='bbox 285 1763 457 1839; x_wconf 85' lang='lat' dir='ltr'><strong>uolebant,</strong></span> <span class='ocrx_word' id='word_1_113' title='bbox 486 1763 515 1827; x_wconf 91' lang='lat' dir='ltr'><strong>si</strong></span> <span class='ocrx_word' id='word_1_114' title='bbox 536 1764 702 1826; x_wconf 89' lang='lat' dir='ltr'><strong>toleranda</strong></span> <span class='ocrx_word' id='word_1_115' title='bbox 722 1763 800 1826; x_wconf 88' lang='lat' dir='ltr'><strong>uiris</strong></span> <span class='ocrx_word' id='word_1_116' title='bbox 820 1762 1063 1844; x_wconf 81' lang='lat' dir='ltr'><strong>imperarentur.</strong></span> <span class='ocrx_word' id='word_1_117' title='bbox 1095 1763 1151 1827; x_wconf 87' lang='lat' dir='ltr'><strong>sed</strong></span> <span class='ocrx_word' id='word_1_118' title='bbox 1174 1783 1249 1826; x_wconf 92' lang='lat' dir='ltr'><strong>cum</strong></span> <span class='ocrx_word' id='word_1_119' title='bbox 1275 1758 1389 1846; x_wconf 45' lang='lat' dir='ltr'><strong>Scipio*</strong></span> 
     </span>
     <span class='ocr_line' id='line_1_15' title="bbox 231 1866 1382 1950; baseline 0 -20"><span class='ocrx_word' id='word_1_120' title='bbox 231 1890 342 1930; x_wconf 86' lang='lat' dir='ltr'><strong>ueram</strong></span> <span class='ocrx_word' id='word_1_121' title='bbox 354 1867 456 1932; x_wconf 85' lang='lat' dir='ltr'><strong>uellet</strong></span> <span class='ocrx_word' id='word_1_122' title='bbox 470 1878 503 1931; x_wconf 88' lang='lat' dir='ltr'><strong>et</strong></span> <span class='ocrx_word' id='word_1_123' title='bbox 517 1867 588 1931; x_wconf 84' lang='lat' dir='ltr'><strong>sine</strong></span> <span class='ocrx_word' id='word_1_124' title='bbox 603 1868 791 1950; x_wconf 77' lang='lat' dir='ltr'><strong>exceptione</strong></span> <span class='ocrx_word' id='word_1_125' title='bbox 805 1866 995 1943; x_wconf 87' lang='lat' dir='ltr'><strong>uictoriam,</strong></span> <span class='ocrx_word' id='word_1_126' title='bbox 1011 1889 1049 1931; x_wconf 90' lang='lat' dir='ltr'><strong>eo</strong></span> <span class='ocrx_word' id='word_1_127' title='bbox 1063 1867 1293 1931; x_wconf 85' lang='lat' dir='ltr'><strong>necessitatum</strong></span> <span class='ocrx_word' id='word_1_128' title='bbox 1306 1889 1382 1930; x_wconf 91' lang='lat' dir='ltr'><strong>con-</strong></span> 
     </span>
     <span class='ocr_line' id='line_1_16' title="bbox 179 1973 1383 2056; baseline 0 -21"><span class='ocrx_word' id='word_1_129' title='bbox 179 1985 211 2034; x_wconf 78' lang='grc'><strong>15</strong></span> <span class='ocrx_word' id='word_1_130' title='bbox 230 1973 317 2056; x_wconf 87' lang='lat' dir='ltr'><strong>pulsi</strong></span> <span class='ocrx_word' id='word_1_131' title='bbox 330 1973 471 2056; x_wconf 90' lang='lat' dir='ltr'><strong>primum</strong></span> <span class='ocrx_word' id='word_1_132' title='bbox 490 1984 528 2036; x_wconf 93' lang='lat' dir='ltr'><strong>ut</strong></span> <span class='ocrx_word' id='word_1_133' title='bbox 547 1973 708 2038; x_wconf 86' lang='lat' dir='ltr'><strong>destinata</strong></span> <span class='ocrx_word' id='word_1_134' title='bbox 721 1983 823 2037; x_wconf 87' lang='lat' dir='ltr'><strong>morte</strong></span> <span class='ocrx_word' id='word_1_135' title='bbox 838 1974 875 2036; x_wconf 92' lang='lat' dir='ltr'><strong>in</strong></span> <span class='ocrx_word' id='word_1_136' title='bbox 895 1973 1053 2056; x_wconf 89' lang='lat' dir='ltr'><strong>proelium</strong></span> <span class='ocrx_word' id='word_1_137' title='bbox 1076 1984 1221 2049; x_wconf 89' lang='lat' dir='ltr'><strong>ruerent,</strong></span> <span class='ocrx_word' id='word_1_138' title='bbox 1252 1994 1333 2044; x_wconf 88' lang='lat' dir='ltr'><strong>cum</strong></span> <span class='ocrx_word' id='word_1_139' title='bbox 1349 1994 1383 2036; x_wconf 91' lang='grc'><strong>33</strong></span> 
     </span>
     <span class='ocr_line' id='line_1_17' title="bbox 232 2077 1434 2162; baseline -0.002 -20"><span class='ocrx_word' id='word_1_140' title='bbox 232 2077 320 2160; x_wconf 79' lang='lat' dir='ltr'><strong>prius</strong></span> <span class='ocrx_word' id='word_1_141' title='bbox 348 2079 453 2161; x_wconf 72' lang='lat' dir='ltr'><strong>aprilis</strong></span> <span class='ocrx_word' id='word_1_142' title='bbox 478 2079 571 2162; x_wconf 83' lang='lat' dir='ltr'><strong>quasi</strong></span> <span class='ocrx_word' id='word_1_143' title='bbox 596 2079 718 2142; x_wconf 76' lang='lat' dir='ltr'><strong>inferiis</strong></span> <span class='ocrx_word' id='word_1_144' title='bbox 747 2079 972 2162; x_wconf 88' lang='lat' dir='ltr'><strong>impleuissent</strong></span> <span class='ocrx_word' id='word_1_145' title='bbox 997 2079 1102 2142; x_wconf 83' lang='lat' dir='ltr'><strong>carnis</strong></span> <span class='ocrx_word' id='word_1_146' title='bbox 1128 2078 1325 2142; x_wconf 86' lang='lat' dir='ltr'><strong>semicrudae</strong></span> <span class='ocrx_word' id='word_1_147' title='bbox 1351 2088 1384 2140; x_wconf 93' lang='lat' dir='ltr'><strong>et</strong></span> <span class='ocrx_word' id='word_1_148' title='bbox 1431 2135 1434 2139; x_wconf 78' lang='grc'><em>,</em></span> 
     </span>
     <span class='ocr_line' id='line_1_18' title="bbox 231 2172 1385 2268; baseline 0 -20"><span class='ocrx_word' id='word_1_149' title='bbox 231 2177 330 2248; x_wconf 84' lang='lat' dir='ltr'><strong>celiae</strong></span> <span class='ocrx_word' id='word_1_150' title='bbox 337 2209 348 2260; x_wconf 89' lang='lat'>;</span> <span class='ocrx_word' id='word_1_151' title='bbox 366 2185 412 2249; x_wconf 87' lang='lat' dir='ltr'><strong>sic</strong></span> <span class='ocrx_word' id='word_1_152' title='bbox 426 2195 544 2249; x_wconf 90' lang='lat' dir='ltr'><strong>uocant</strong></span> <span class='ocrx_word' id='word_1_153' title='bbox 558 2185 745 2268; x_wconf 82' lang='lat' dir='ltr'><strong>indigenam</strong></span> <span class='ocrx_word' id='word_1_154' title='bbox 759 2206 801 2247; x_wconf 89' lang='lat' dir='ltr'><strong>ex</strong></span> <span class='ocrx_word' id='word_1_155' title='bbox 814 2185 977 2248; x_wconf 79' lang='lat' dir='ltr'><strong>frumento</strong></span> <span class='ocrx_word' id='word_1_156' title='bbox 990 2186 1165 2268; x_wconf 89' lang='lat' dir='ltr'><strong>potionem.</strong></span> <span class='ocrx_word' id='word_1_157' title='bbox 1182 2172 1385 2248; x_wconf 86' lang='lat' dir='ltr'><strong>intellectum</strong></span> 
     </span>
     <span class='ocr_line' id='line_1_19' title="bbox 230 2279 1383 2375; baseline -0.001 -23"><span class='ocrx_word' id='word_1_158' title='bbox 230 2291 271 2352; x_wconf 90' lang='lat' dir='ltr'><strong>ab</strong></span> <span class='ocrx_word' id='word_1_159' title='bbox 285 2279 479 2375; x_wconf 83' lang='lat' dir='ltr'><strong>imperatore</strong></span> <span class='ocrx_word' id='word_1_160' title='bbox 489 2291 679 2367; x_wconf 87' lang='lat' dir='ltr'><strong>consilium,</strong></span> <span class='ocrx_word' id='word_1_161' title='bbox 703 2291 811 2373; x_wconf 90' lang='lat' dir='ltr'><strong>itaque</strong></span> <span class='ocrx_word' id='word_1_162' title='bbox 831 2301 969 2356; x_wconf 81' lang='lat' dir='ltr'><strong>nonest</strong></span> <span class='ocrx_word' id='word_1_163' title='bbox 989 2291 1144 2374; x_wconf 87' lang='lat' dir='ltr'><strong>permissa</strong></span> <span class='ocrx_word' id='word_1_164' title='bbox 1165 2311 1275 2373; x_wconf 85' lang='lat' dir='ltr'><strong>pugna</strong></span> <span class='ocrx_word' id='word_1_165' title='bbox 1288 2288 1383 2352; x_wconf 87' lang='lat' dir='ltr'><strong>mori·</strong></span> 
     </span>
     <span class='ocr_line' id='line_1_20' title="bbox 231 2395 1384 2480; baseline -0.003 -20"><span class='ocrx_word' id='word_1_166' title='bbox 231 2395 323 2460; x_wconf 76' lang='lat' dir='ltr'><strong>turis</strong></span> <span class='ocrx_word' id='word_1_167' title='bbox 359 2419 435 2460; x_wconf 92' lang='lat' dir='ltr'><strong>cum</strong></span> <span class='ocrx_word' id='word_1_168' title='bbox 456 2396 540 2462; x_wconf 82' lang='lat' dir='ltr'><strong>fossa</strong></span> <span class='ocrx_word' id='word_1_169' title='bbox 564 2407 660 2480; x_wconf 82' lang='lat' dir='ltr'><strong>atque</strong></span> <span class='ocrx_word' id='word_1_170' title='bbox 681 2396 780 2460; x_wconf 86' lang='lat' dir='ltr'><strong>lorica</strong></span> <span class='ocrx_word' id='word_1_171' title='bbox 801 2407 1017 2480; x_wconf 88' lang='lat' dir='ltr'><strong>quattuorque</strong></span> <span class='ocrx_word' id='word_1_172' title='bbox 1038 2396 1149 2460; x_wconf 85' lang='lat' dir='ltr'><strong>castris</strong></span> <span class='ocrx_word' id='word_1_173' title='bbox 1172 2395 1384 2459; x_wconf 88' lang='lat' dir='ltr'><strong>circumdatos</strong></span> 
     </span>
     <span class='ocr_line' id='line_1_21' title="bbox 177 2494 1475 2585; baseline -0.002 -23"><span class='ocrx_word' id='word_1_174' title='bbox 177 2513 210 2566; x_wconf 84' lang='lat'><strong>20</strong></span> <span class='ocrx_word' id='word_1_175' title='bbox 230 2501 330 2565; x_wconf 80' lang='lat' dir='ltr'><strong>fames</strong></span> <span class='ocrx_word' id='word_1_176' title='bbox 351 2512 527 2585; x_wconf 83' lang='lat' dir='ltr'><strong>premeret,</strong></span> <span class='ocrx_word' id='word_1_177' title='bbox 555 2503 677 2565; x_wconf 84' lang='lat' dir='ltr'><strong>educe</strong></span> <span class='ocrx_word' id='word_1_178' title='bbox 699 2511 827 2565; x_wconf 88' lang='lat' dir='ltr'><strong>orantes</strong></span> <span class='ocrx_word' id='word_1_179' title='bbox 849 2494 1026 2585; x_wconf 89' lang='lat' dir='ltr'><strong>proelium,</strong></span> <span class='ocrx_word' id='word_1_180' title='bbox 1053 2511 1092 2564; x_wconf 86' lang='lat' dir='ltr'><strong>ut</strong></span> <span class='ocrx_word' id='word_1_181' title='bbox 1112 2511 1277 2583; x_wconf 86' lang='lat' dir='ltr'><strong>tamquam</strong></span> <span class='ocrx_word' id='word_1_182' title='bbox 1297 2499 1383 2564; x_wconf 87' lang='lat' dir='ltr'><strong>uiros</strong></span> <span class='ocrx_word' id='word_1_183' title='bbox 1472 2551 1475 2558; x_wconf 92' lang='grc'><em>,</em></span> 
     </span>
     <span class='ocr_line' id='line_1_22' title="bbox 231 2589 1385 2690; baseline -0.002 -21"><span class='ocrx_word' id='word_1_184' title='bbox 231 2607 407 2682; x_wconf 87' lang='lat' dir='ltr'><strong>occideret,</strong></span> <span class='ocrx_word' id='word_1_185' title='bbox 434 2589 491 2668; x_wconf 89' lang='lat' dir='ltr'><strong>ubi</strong></span> <span class='ocrx_word' id='word_1_186' title='bbox 514 2629 582 2670; x_wconf 91' lang='lat' dir='ltr'><strong>non</strong></span> <span class='ocrx_word' id='word_1_187' title='bbox 602 2607 837 2690; x_wconf 77' lang='lat' dir='ltr'><strong>impetrabant,</strong></span> <span class='ocrx_word' id='word_1_188' title='bbox 860 2608 983 2690; x_wconf 89' lang='lat' dir='ltr'><strong>placuit</strong></span> <span class='ocrx_word' id='word_1_189' title='bbox 1003 2606 1140 2690; x_wconf 88' lang='lat' dir='ltr'><strong>eruptio.</strong></span> <span class='ocrx_word' id='word_1_190' title='bbox 1170 2605 1216 2669; x_wconf 89' lang='lat' dir='ltr'><strong>sic</strong></span> <span class='ocrx_word' id='word_1_191' title='bbox 1238 2590 1385 2668; x_wconf 82' lang='lat' dir='ltr'><strong>conserta</strong></span> 
     </span>
     <span class='ocr_line' id='line_1_23' title="bbox 230 2709 1384 2796; baseline -0.002 -20"><span class='ocrx_word' id='word_1_192' title='bbox 230 2731 331 2776; x_wconf 82' lang='lat' dir='ltr'><strong>manu</strong></span> <span class='ocrx_word' id='word_1_193' title='bbox 344 2711 477 2794; x_wconf 86' lang='lat' dir='ltr'><strong>plurimi</strong></span> <span class='ocrx_word' id='word_1_194' title='bbox 491 2711 605 2788; x_wconf 85' lang='lat' dir='ltr'><strong>occisi,</strong></span> <span class='ocrx_word' id='word_1_195' title='bbox 629 2721 662 2775; x_wconf 91' lang='lat' dir='ltr'><strong>et</strong></span> <span class='ocrx_word' id='word_1_196' title='bbox 677 2733 751 2774; x_wconf 90' lang='lat' dir='ltr'><strong>cum</strong></span> <span class='ocrx_word' id='word_1_197' title='bbox 765 2723 915 2794; x_wconf 89' lang='lat' dir='ltr'><strong>urgueret</strong></span> <span class='ocrx_word' id='word_1_198' title='bbox 928 2713 1048 2790; x_wconf 86' lang='lat' dir='ltr'><strong>fames,</strong></span> <span class='ocrx_word' id='word_1_199' title='bbox 1065 2711 1294 2796; x_wconf 80' lang='lat' dir='ltr'><strong>aliquantisper</strong></span> <span class='ocrx_word' id='word_1_200' title='bbox 1308 2709 1384 2774; x_wconf 90' lang='lat' dir='ltr'><strong>inde</strong></span> 
     </span>
     <span class='ocr_line' id='line_1_24' title="bbox 231 2815 1384 2900; baseline 0.001 -23"><span class='ocrx_word' id='word_1_201' title='bbox 231 2815 395 2878; x_wconf 82' lang='lat' dir='ltr'><strong>aixerunt.</strong></span> <span class='ocrx_word' id='word_1_202' title='bbox 430 2815 605 2880; x_wconf 79' lang='lat' dir='ltr'><strong>nouissime</strong></span> <span class='ocrx_word' id='word_1_203' title='bbox 631 2816 802 2882; x_wconf 88' lang='lat' dir='ltr'><strong>consilium</strong></span> <span class='ocrx_word' id='word_1_204' title='bbox 827 2817 924 2900; x_wconf 83' lang='lat' dir='ltr'><strong>fugae</strong></span> <span class='ocrx_word' id='word_1_205' title='bbox 952 2819 1052 2895; x_wconf 91' lang='lat' dir='ltr'><strong>sedit;</strong></span> <span class='ocrx_word' id='word_1_206' title='bbox 1091 2820 1146 2882; x_wconf 86' lang='lat' dir='ltr'><strong>sed</strong></span> <span class='ocrx_word' id='word_1_207' title='bbox 1170 2817 1233 2880; x_wconf 93' lang='lat' dir='ltr'><strong>hoc</strong></span> <span class='ocrx_word' id='word_1_208' title='bbox 1258 2837 1384 2900; x_wconf 89' lang='lat' dir='ltr'><strong>quoque</strong></span> 
     </span>
    </p>
   </div>
   <div class='ocr_carea' id='block_1_5' title="bbox 231 2921 1515 3006">
    <p class='ocr_par' dir='ltr' id='par_1_5' title="bbox 231 2921 1515 3006">
     <span class='ocr_line' id='line_1_25' title="bbox 231 2921 1515 3006; baseline 0 -22"><span class='ocrx_word' id='word_1_209' title='bbox 231 2922 335 3005; x_wconf 90' lang='lat' dir='ltr'><strong>ruptis</strong></span> <span class='ocrx_word' id='word_1_210' title='bbox 359 2943 514 3006; x_wconf 88' lang='lat' dir='ltr'><strong>equorum</strong></span> <span class='ocrx_word' id='word_1_211' title='bbox 535 2921 673 3006; x_wconf 82' lang='lat' dir='ltr'><strong>cingulis</strong></span> <span class='ocrx_word' id='word_1_212' title='bbox 703 2943 819 2986; x_wconf 84' lang='lat' dir='ltr'><strong>uxores</strong></span> <span class='ocrx_word' id='word_1_213' title='bbox 846 2925 1011 3001; x_wconf 89' lang='lat' dir='ltr'><strong>ademere,</strong></span> <span class='ocrx_word' id='word_1_214' title='bbox 1040 2946 1165 2988; x_wconf 91' lang='lat' dir='ltr'><strong>summo</strong></span> <span class='ocrx_word' id='word_1_215' title='bbox 1191 2924 1308 2986; x_wconf 88' lang='lat' dir='ltr'><strong>scelere</strong></span> <span class='ocrx_word' id='word_1_216' title='bbox 1328 2943 1385 3005; x_wconf 85' lang='lat' dir='ltr'><strong>per</strong></span> <span class='ocrx_word' id='word_1_217' title='bbox 1451 2937 1454 2942; x_wconf 86' lang='grc'><em>·</em></span> <span class='ocrx_word' id='word_1_218' title='bbox 1511 2937 1515 2942; x_wconf 75' lang='grc'><em>’</em></span> 
     </span>
    </p>
   </div>
   <div class='ocr_carea' id='block_1_6' title="bbox 177 3027 1425 3636">
    <p class='ocr_par' dir='ltr' id='par_1_6' title="bbox 177 3027 1425 3533">
     <span class='ocr_line' id='line_1_26' title="bbox 177 3027 1385 3111; baseline 0 -22"><span class='ocrx_word' id='word_1_219' title='bbox 177 3039 209 3090; x_wconf 82' lang='lat'><strong>25</strong></span> <span class='ocrx_word' id='word_1_220' title='bbox 230 3049 381 3092; x_wconf 90' lang='lat' dir='ltr'><strong>amorem.</strong></span> <span class='ocrx_word' id='word_1_221' title='bbox 406 3028 514 3111; x_wconf 88' lang='lat' dir='ltr'><strong>itaque</strong></span> <span class='ocrx_word' id='word_1_222' title='bbox 530 3028 694 3111; x_wconf 87' lang='lat' dir='ltr'><strong>deplorato</strong></span> <span class='ocrx_word' id='word_1_223' title='bbox 717 3027 808 3090; x_wconf 85' lang='lat' dir='ltr'><strong>exitu</strong></span> <span class='ocrx_word' id='word_1_224' title='bbox 829 3029 864 3091; x_wconf 92' lang='lat' dir='ltr'><strong>in</strong></span> <span class='ocrx_word' id='word_1_225' title='bbox 884 3029 1034 3093; x_wconf 89' lang='lat' dir='ltr'><strong>ultimam</strong></span> <span class='ocrx_word' id='word_1_226' title='bbox 1048 3030 1169 3093; x_wconf 87' lang='lat' dir='ltr'><strong>rabiem</strong></span> <span class='ocrx_word' id='word_1_227' title='bbox 1183 3029 1385 3111; x_wconf 84' lang='lat' dir='ltr'><strong>furoremque</strong></span> 
     </span>
     <span class='ocr_line' id='line_1_27' title="bbox 228 3133 1384 3218; baseline -0.002 -22"><span class='ocrx_word' id='word_1_228' title='bbox 228 3133 392 3210; x_wconf 87' lang='lat' dir='ltr'><strong>conuersi,</strong></span> <span class='ocrx_word' id='word_1_229' title='bbox 415 3142 575 3216; x_wconf 87' lang='lat' dir='ltr'><strong>postremo</strong></span> <span class='ocrx_word' id='word_1_230' title='bbox 597 3134 811 3216; x_wconf 87' lang='lat' dir='ltr'><strong>Rhoecogene</strong></span> <span class='ocrx_word' id='word_1_231' title='bbox 833 3136 914 3198; x_wconf 90' lang='lat' dir='ltr'><strong>duce</strong></span> <span class='ocrx_word' id='word_1_232' title='bbox 936 3158 970 3199; x_wconf 89' lang='grc'><strong>33</strong></span> <span class='ocrx_word' id='word_1_233' title='bbox 991 3158 1066 3200; x_wconf 90' lang='lat' dir='ltr'><strong>suos</strong></span> <span class='ocrx_word' id='word_1_234' title='bbox 1081 3134 1219 3218; x_wconf 87' lang='lat' dir='ltr'><strong>patriam</strong></span> <span class='ocrx_word' id='word_1_235' title='bbox 1232 3133 1314 3196; x_wconf 83' lang='lat' dir='ltr'><strong>ferro</strong></span> <span class='ocrx_word' id='word_1_236' title='bbox 1329 3153 1384 3195; x_wconf 89' lang='lat' dir='ltr'><strong>ue·</strong></span> 
     </span>
     <span class='ocr_line' id='line_1_28' title="bbox 230 3224 1384 3323; baseline -0.001 -23"><span class='ocrx_word' id='word_1_237' title='bbox 230 3260 336 3314; x_wconf 89' lang='lat' dir='ltr'><strong>neno,</strong></span> <span class='ocrx_word' id='word_1_238' title='bbox 354 3240 499 3303; x_wconf 89' lang='lat' dir='ltr'><strong>subiecto</strong></span> <span class='ocrx_word' id='word_1_239' title='bbox 514 3224 590 3322; x_wconf 85' lang='lat' dir='ltr'><strong>igne</strong></span> <span class='ocrx_word' id='word_1_240' title='bbox 609 3240 753 3322; x_wconf 91' lang='lat' dir='ltr'><strong>undique</strong></span> <span class='ocrx_word' id='word_1_241' title='bbox 775 3251 977 3323; x_wconf 84' lang='lat' dir='ltr'><strong>peregenmt.</strong></span> <span class='ocrx_word' id='word_1_242' title='bbox 1000 3250 1120 3304; x_wconf 90' lang='lat' dir='ltr'><strong>-maete</strong></span> <span class='ocrx_word' id='word_1_243' title='bbox 1141 3239 1226 3303; x_wconf 89' lang='lat' dir='ltr'><strong>este!</strong></span> <span class='ocrx_word' id='word_1_244' title='bbox 1250 3237 1384 3301; x_wconf 86' lang='lat' dir='ltr'><strong>fortissi-</strong></span> 
     </span>
     <span class='ocr_line' id='line_1_29' title="bbox 229 3343 1425 3429; baseline 0.001 -23"><span class='ocrx_word' id='word_1_245' title='bbox 229 3364 317 3406; x_wconf 88' lang='lat' dir='ltr'><strong>mam</strong></span> <span class='ocrx_word' id='word_1_246' title='bbox 332 3353 365 3406; x_wconf 88' lang='lat' dir='ltr'><strong>et</strong></span> <span class='ocrx_word' id='word_1_247' title='bbox 377 3363 450 3408; x_wconf 88' lang='lat' dir='ltr'><strong>meo</strong></span> <span class='ocrx_word' id='word_1_248' title='bbox 465 3344 585 3408; x_wconf 89' lang='lat' dir='ltr'><strong>iudicio</strong></span> <span class='ocrx_word' id='word_1_249' title='bbox 599 3344 818 3408; x_wconf 80' lang='lat' dir='ltr'><strong>beatissimam</strong></span> <span class='ocrx_word' id='word_1_250' title='bbox 832 3344 868 3406; x_wconf 91' lang='lat' dir='ltr'><strong>in</strong></span> <span class='ocrx_word' id='word_1_251' title='bbox 883 3345 960 3429; x_wconf 86' lang='lat' dir='ltr'><strong>ipsis</strong></span> <span class='ocrx_word' id='word_1_252' title='bbox 975 3345 1070 3414; x_wconf 84' lang='lat' dir='ltr'><strong>malis</strong></span> <span class='ocrx_word' id='word_1_253' title='bbox 1085 3343 1268 3411; x_wconf 88' lang='lat' dir='ltr'><strong>ciuitatem!</strong></span> <span class='ocrx_word' id='word_1_254' title='bbox 1295 3346 1383 3409; x_wconf 88' lang='lat' dir='ltr'><strong>adse·</strong></span> <span class='ocrx_word' id='word_1_255' title='bbox 1423 3422 1425 3425; x_wconf 16' lang='grc' dir='ltr'>Ι</span> 
     </span>
     <span class='ocr_line' id='line_1_30' title="bbox 229 3433 1385 3533; baseline 0.002 -23"><span class='ocrx_word' id='word_1_256' title='bbox 229 3446 296 3510; x_wconf 88' lang='lat' dir='ltr'><strong>ruit</strong></span> <span class='ocrx_word' id='word_1_257' title='bbox 309 3433 384 3509; x_wconf 87' lang='lat' dir='ltr'><strong>cum</strong></span> <span class='ocrx_word' id='word_1_258' title='bbox 398 3449 461 3511; x_wconf 91' lang='lat' dir='ltr'><strong>fide</strong></span> <span class='ocrx_word' id='word_1_259' title='bbox 477 3449 591 3526; x_wconf 86' lang='lat' dir='ltr'><strong>socios,</strong></span> <span class='ocrx_word' id='word_1_260' title='bbox 607 3450 765 3533; x_wconf 92' lang='lat' dir='ltr'><strong>populum</strong></span> <span class='ocrx_word' id='word_1_261' title='bbox 777 3448 862 3512; x_wconf 89' lang='lat' dir='ltr'><strong>orbis</strong></span> <span class='ocrx_word' id='word_1_262' title='bbox 877 3459 1033 3516; x_wconf 88' lang='lat' dir='ltr'><strong>terrarum</strong></span> <span class='ocrx_word' id='word_1_263' title='bbox 1048 3450 1171 3518; x_wconf 87' lang='lat' dir='ltr'><strong>uiribus</strong></span> <span class='ocrx_word' id='word_1_264' title='bbox 1186 3451 1306 3514; x_wconf 83' lang='lat' dir='ltr'><strong>fultum</strong></span> <span class='ocrx_word' id='word_1_265' title='bbox 1318 3461 1385 3513; x_wconf 91' lang='lat' dir='ltr'><strong>tam</strong></span> 
     </span>
    </p>

    <p class='ocr_par' dir='ltr' id='par_1_7' title="bbox 177 3551 1384 3636">
     <span class='ocr_line' id='line_1_31' title="bbox 177 3551 1384 3636; baseline 0.003 -23"><span class='ocrx_word' id='word_1_266' title='bbox 177 3564 211 3614; x_wconf 86' lang='grc'><strong>30</strong></span> <span class='ocrx_word' id='word_1_267' title='bbox 230 3573 331 3636; x_wconf 87' lang='lat' dir='ltr'><strong>parua</strong></span> <span class='ocrx_word' id='word_1_268' title='bbox 345 3573 445 3615; x_wconf 91' lang='lat' dir='ltr'><strong>manu</strong></span> <span class='ocrx_word' id='word_1_269' title='bbox 460 3563 563 3617; x_wconf 88' lang='lat' dir='ltr'><strong>aetate</strong></span> <span class='ocrx_word' id='word_1_270' title='bbox 579 3565 646 3618; x_wconf 90' lang='lat' dir='ltr'><strong>tam</strong></span> <span class='ocrx_word' id='word_1_271' title='bbox 660 3554 759 3636; x_wconf 90' lang='lat' dir='ltr'><strong>longa</strong></span> <span class='ocrx_word' id='word_1_272' title='bbox 773 3551 939 3618; x_wconf 87' lang='lat' dir='ltr'><strong>sustinuit.</strong></span> <span class='ocrx_word' id='word_1_273' title='bbox 958 3556 1133 3620; x_wconf 91' lang='lat' dir='ltr'><strong>nouissime</strong></span> <span class='ocrx_word' id='word_1_274' title='bbox 1147 3554 1288 3619; x_wconf 82' lang='lat' dir='ltr'><strong>maximo</strong></span> <span class='ocrx_word' id='word_1_275' title='bbox 1303 3557 1384 3618; x_wconf 89' lang='lat' dir='ltr'><strong>duce</strong></span> 
     </span>
    </p>
   </div>
   <div class='ocr_carea' id='block_1_7' title="bbox 217 3809 1385 4472">
    <p class='ocr_par' dir='ltr' id='par_1_8' title="bbox 217 3809 1385 4472">
     <span class='ocr_line' id='line_1_32' title="bbox 231 3809 1385 3884; baseline 0.003 -21"><span class='ocrx_word' id='word_1_276' title='bbox 231 3813 246 3863; x_wconf 85' lang='lat'>2</span> <span class='ocrx_word' id='word_1_277' title='bbox 258 3809 351 3880; x_wconf 84' lang='lat' dir='ltr'><strong>magni</strong></span> <span class='ocrx_word' id='word_1_278' title='bbox 362 3821 382 3862; x_wconf 80' lang='lat' dir='ltr'><em>B</em></span> <span class='ocrx_word' id='word_1_279' title='bbox 395 3809 404 3881; x_wconf 92' lang='grc' dir='ltr'><strong>ΗΗ</strong></span> <span class='ocrx_word' id='word_1_280' title='bbox 418 3814 433 3864; x_wconf 89' lang='lat'>3</span> <span class='ocrx_word' id='word_1_281' title='bbox 446 3811 552 3865; x_wconf 85' lang='lat' dir='ltr'><strong>excidia</strong></span> <span class='ocrx_word' id='word_1_282' title='bbox 562 3823 587 3864; x_wconf 96' lang='lat' dir='ltr'><em>N</em></span> <span class='ocrx_word' id='word_1_283' title='bbox 598 3811 607 3881; x_wconf 92' lang='grc' dir='ltr'><strong>ΗΗ</strong></span> <span class='ocrx_word' id='word_1_284' title='bbox 621 3815 636 3862; x_wconf 80' lang='lat' dir='ltr'><strong>l</strong></span> <span class='ocrx_word' id='word_1_285' title='bbox 649 3817 715 3865; x_wconf 88' lang='lat' dir='ltr'><strong>tunc</strong></span> <span class='ocrx_word' id='word_1_286' title='bbox 726 3825 750 3866; x_wconf 88' lang='lat' dir='ltr'><em>N</em></span> <span class='ocrx_word' id='word_1_287' title='bbox 762 3814 770 3884; x_wconf 93' lang='grc' dir='ltr'><strong>ΗΗ</strong></span> <span class='ocrx_word' id='word_1_288' title='bbox 785 3817 800 3867; x_wconf 86' lang='grc'>6</span> <span class='ocrx_word' id='word_1_289' title='bbox 813 3814 910 3884; x_wconf 89' lang='lat' dir='ltr'><strong>plenus</strong></span> <span class='ocrx_word' id='word_1_290' title='bbox 921 3825 941 3866; x_wconf 84' lang='lat' dir='ltr'><em>B</em></span> <span class='ocrx_word' id='word_1_291' title='bbox 953 3812 962 3882; x_wconf 93' lang='grc' dir='ltr'><strong>ΗΗ</strong></span> <span class='ocrx_word' id='word_1_292' title='bbox 977 3816 991 3864; x_wconf 82' lang='grc'>7</span> <span class='ocrx_word' id='word_1_293' title='bbox 1004 3813 1069 3883; x_wconf 85' lang='lat' dir='ltr'><strong>quia</strong></span> <span class='ocrx_word' id='word_1_294' title='bbox 1080 3811 1190 3881; x_wconf 72' lang='lat' dir='ltr'><strong>serpsi:</strong></span> <span class='ocrx_word' id='word_1_295' title='bbox 1202 3813 1250 3882; x_wconf 89' lang='lat' dir='ltr'><strong>qui</strong></span> <span class='ocrx_word' id='word_1_296' title='bbox 1260 3813 1324 3884; x_wconf 77' lang='grc' dir='ltr'><strong>ΒΝΗ</strong></span> <span class='ocrx_word' id='word_1_297' title='bbox 1337 3813 1385 3884; x_wconf 92' lang='lat' dir='ltr'><strong>qui</strong></span> 
     </span>
     <span class='ocr_line' id='line_1_33' title="bbox 230 3895 1372 3969; baseline 0.002 -19"><span class='ocrx_word' id='word_1_298' title='bbox 230 3908 255 3950; x_wconf 94' lang='lat' dir='ltr'><em>N</em></span> <span class='ocrx_word' id='word_1_299' title='bbox 266 3895 274 3966; x_wconf 89' lang='grc' dir='ltr'><strong>ΗΗ</strong></span> <span class='ocrx_word' id='word_1_300' title='bbox 287 3896 437 3968; x_wconf 80' lang='grc' dir='ltr'>331331ΝΗ</span> <span class='ocrx_word' id='word_1_301' title='bbox 450 3901 466 3951; x_wconf 84' lang='grc'>9</span> <span class='ocrx_word' id='word_1_302' title='bbox 479 3896 629 3950; x_wconf 86' lang='lat' dir='ltr'><strong>necessaria</strong></span> <span class='ocrx_word' id='word_1_303' title='bbox 639 3909 665 3949; x_wconf 98' lang='lat' dir='ltr'><em>N</em></span> <span class='ocrx_word' id='word_1_304' title='bbox 675 3897 684 3967; x_wconf 89' lang='grc' dir='ltr'><strong>ΗΗ</strong></span> <span class='ocrx_word' id='word_1_305' title='bbox 697 3905 865 3969; x_wconf 82' lang='lat' dir='ltr'><strong>anputantur</strong></span> <span class='ocrx_word' id='word_1_306' title='bbox 874 3912 901 3952; x_wconf 93' lang='grc' dir='ltr'><em>Ν</em></span> <span class='ocrx_word' id='word_1_307' title='bbox 910 3900 919 3968; x_wconf 93' lang='grc' dir='ltr'><strong>ΗΗ</strong></span> <span class='ocrx_word' id='word_1_308' title='bbox 935 3903 966 3952; x_wconf 87' lang='grc'><strong>10</strong></span> <span class='ocrx_word' id='word_1_309' title='bbox 978 3898 1002 3951; x_wconf 89' lang='lat' dir='ltr'><strong>si</strong></span> <span class='ocrx_word' id='word_1_310' title='bbox 1013 3911 1033 3952; x_wconf 79' lang='lat' dir='ltr'><em>B</em></span> <span class='ocrx_word' id='word_1_311' title='bbox 1045 3898 1054 3969; x_wconf 87' lang='grc' dir='ltr'><strong>ΗΗ</strong></span> <span class='ocrx_word' id='word_1_312' title='bbox 1074 3901 1105 3951; x_wconf 82' lang='grc'><strong>12</strong></span> <span class='ocrx_word' id='word_1_313' title='bbox 1117 3898 1319 3952; x_wconf 83' lang='lat' dir='ltr'><strong>nummantinos</strong></span> <span class='ocrx_word' id='word_1_314' title='bbox 1330 3911 1351 3952; x_wconf 78' lang='lat' dir='ltr'><em>B</em></span> <span class='ocrx_word' id='word_1_315' title='bbox 1362 3898 1372 3969; x_wconf 91' lang='grc' dir='ltr'><strong>ΗΗ</strong></span> 
     </span>
     <span class='ocr_line' id='line_1_34' title="bbox 229 3981 1383 4054; baseline 0.002 -21"><span class='ocrx_word' id='word_1_316' title='bbox 229 3981 372 4051; x_wconf 85' lang='lat' dir='ltr'><strong>quisquam</strong></span> <span class='ocrx_word' id='word_1_317' title='bbox 384 3983 533 4047; x_wconf 64' lang='grc'>3131333333,</span> <span class='ocrx_word' id='word_1_318' title='bbox 547 3981 667 4035; x_wconf 70' lang='grc'>33313113</span> <span class='ocrx_word' id='word_1_319' title='bbox 680 3983 784 4054; x_wconf 74' lang='grc' dir='ltr'>131331Η</span> <span class='ocrx_word' id='word_1_320' title='bbox 800 3987 832 4036; x_wconf 84' lang='grc'><strong>13</strong></span> <span class='ocrx_word' id='word_1_321' title='bbox 844 3983 898 4037; x_wconf 89' lang='lat' dir='ltr'><strong>uiri</strong></span> <span class='ocrx_word' id='word_1_322' title='bbox 914 3997 934 4038; x_wconf 79' lang='grc' dir='ltr'><em>Ν</em></span> <span class='ocrx_word' id='word_1_323' title='bbox 947 3984 956 4054; x_wconf 91' lang='grc' dir='ltr'><strong>ΗΗ</strong></span> <span class='ocrx_word' id='word_1_324' title='bbox 972 3986 1002 4035; x_wconf 82' lang='grc'><strong>17</strong></span> <span class='ocrx_word' id='word_1_325' title='bbox 1015 3983 1098 4039; x_wconf 83' lang='lat' dir='ltr'><strong>celiae</strong></span> <span class='ocrx_word' id='word_1_326' title='bbox 1110 3996 1148 4048; x_wconf 82' lang='lat' dir='ltr'><strong>N:</strong></span> <span class='ocrx_word' id='word_1_327' title='bbox 1168 3982 1286 4053; x_wconf 71' lang='lat' dir='ltr'><strong>praellae</strong></span> <span class='ocrx_word' id='word_1_328' title='bbox 1296 3995 1316 4036; x_wconf 79' lang='lat' dir='ltr'><em>B</em></span> <span class='ocrx_word' id='word_1_329' title='bbox 1328 3983 1338 4053; x_wconf 88' lang='grc' dir='ltr'><strong>ΗΗ</strong></span> <span class='ocrx_word' id='word_1_330' title='bbox 1353 3986 1383 4036; x_wconf 84' lang='grc'><strong>19</strong></span> 
     </span>
     <span class='ocr_line' id='line_1_35' title="bbox 230 4065 1373 4139; baseline 0.003 -22"><span class='ocrx_word' id='word_1_331' title='bbox 230 4065 407 4137; x_wconf 77' lang='lat' dir='ltr'><strong>confossoque</strong></span> <span class='ocrx_word' id='word_1_332' title='bbox 419 4067 503 4122; x_wconf 89' lang='lat' dir='ltr'><strong>lorica</strong></span> <span class='ocrx_word' id='word_1_333' title='bbox 512 4080 532 4120; x_wconf 80' lang='lat' dir='ltr'><em>B</em></span> <span class='ocrx_word' id='word_1_334' title='bbox 545 4067 553 4137; x_wconf 91' lang='grc' dir='ltr'><strong>ΗΗ</strong></span> <span class='ocrx_word' id='word_1_335' title='bbox 567 4069 599 4120; x_wconf 80' lang='grc'><strong>211</strong></span> <span class='ocrx_word' id='word_1_336' title='bbox 612 4067 646 4120; x_wconf 80' lang='lat' dir='ltr'><strong>ab</strong></span> <span class='ocrx_word' id='word_1_337' title='bbox 657 4080 683 4121; x_wconf 92' lang='grc' dir='ltr'><em>Ν</em></span> <span class='ocrx_word' id='word_1_338' title='bbox 693 4068 702 4138; x_wconf 89' lang='grc' dir='ltr'><strong>ΗΗ</strong></span> <span class='ocrx_word' id='word_1_339' title='bbox 715 4075 809 4122; x_wconf 84' lang='lat' dir='ltr'><strong>orante</strong></span> <span class='ocrx_word' id='word_1_340' title='bbox 820 4069 866 4139; x_wconf 86' lang='grc' dir='ltr'><strong>ΝΗ</strong></span> <span class='ocrx_word' id='word_1_341' title='bbox 878 4072 910 4122; x_wconf 81' lang='lat'><strong>21</strong></span> <span class='ocrx_word' id='word_1_342' title='bbox 930 4074 1089 4122; x_wconf 74' lang='lat' dir='ltr'><strong>conseruata</strong></span> <span class='ocrx_word' id='word_1_343' title='bbox 1105 4079 1125 4120; x_wconf 81' lang='grc'><strong>3</strong></span> <span class='ocrx_word' id='word_1_344' title='bbox 1137 4067 1147 4138; x_wconf 91' lang='grc' dir='ltr'>Η</span> <span class='ocrx_word' id='word_1_345' title='bbox 1159 4071 1192 4120; x_wconf 78' lang='lat'><strong>22</strong></span> <span class='ocrx_word' id='word_1_346' title='bbox 1201 4074 1321 4138; x_wconf 73' lang='lat' dir='ltr'><strong>‚urgeret</strong></span> <span class='ocrx_word' id='word_1_347' title='bbox 1331 4080 1351 4120; x_wconf 79' lang='grc' dir='ltr'><em>Β</em></span> <span class='ocrx_word' id='word_1_348' title='bbox 1363 4067 1373 4136; x_wconf 94' lang='grc' dir='ltr'>Η</span> 
     </span>
     <span class='ocr_line' id='line_1_36' title="bbox 230 4150 1385 4224; baseline 0.004 -23"><span class='ocrx_word' id='word_1_349' title='bbox 230 4152 264 4202; x_wconf 81' lang='grc'><strong>23</strong></span> <span class='ocrx_word' id='word_1_350' title='bbox 275 4150 429 4207; x_wconf 72' lang='lat' dir='ltr'><strong>niceronta</strong></span> <span class='ocrx_word' id='word_1_351' title='bbox 442 4152 451 4222; x_wconf 90' lang='grc' dir='ltr'>Η</span> <span class='ocrx_word' id='word_1_352' title='bbox 464 4157 497 4206; x_wconf 79' lang='lat' dir='ltr'><strong>rt</strong></span> <span class='ocrx_word' id='word_1_353' title='bbox 510 4151 612 4223; x_wconf 75' lang='lat' dir='ltr'><strong>singuli</strong></span> <span class='ocrx_word' id='word_1_354' title='bbox 622 4165 641 4206; x_wconf 78' lang='grc'><strong>3</strong></span> <span class='ocrx_word' id='word_1_355' title='bbox 654 4153 663 4224; x_wconf 92' lang='grc' dir='ltr'><strong>ΗΗ</strong></span> <span class='ocrx_word' id='word_1_356' title='bbox 677 4157 710 4208; x_wconf 75' lang='grc'><strong>’16</strong></span> <span class='ocrx_word' id='word_1_357' title='bbox 718 4161 855 4224; x_wconf 82' lang='lat' dir='ltr'><strong>postremo</strong></span> <span class='ocrx_word' id='word_1_358' title='bbox 867 4154 936 4206; x_wconf 88' lang='lat' dir='ltr'><strong>mori</strong></span> <span class='ocrx_word' id='word_1_359' title='bbox 947 4154 1000 4206; x_wconf 92' lang='lat' dir='ltr'><strong>hoc</strong></span> <span class='ocrx_word' id='word_1_360' title='bbox 1011 4170 1110 4224; x_wconf 84' lang='lat' dir='ltr'><strong>genere</strong></span> <span class='ocrx_word' id='word_1_361' title='bbox 1121 4152 1293 4206; x_wconf 72' lang='lat' dir='ltr'><strong>dmtinmunt</strong></span> <span class='ocrx_word' id='word_1_362' title='bbox 1303 4153 1385 4206; x_wconf 82' lang='lat' dir='ltr'><strong>duces</strong></span> 
     </span>
     <span class='ocr_line' id='line_1_37' title="bbox 217 4237 1385 4308; baseline 0.002 -23"><span class='ocrx_word' id='word_1_363' title='bbox 217 4249 295 4286; x_wconf 86' lang='lat' dir='ltr'><strong>¹suos</strong></span> <span class='ocrx_word' id='word_1_364' title='bbox 307 4250 389 4304; x_wconf 82' lang='lat' dir='ltr'><strong>seque</strong></span> <span class='ocrx_word' id='word_1_365' title='bbox 402 4237 571 4308; x_wconf 75' lang='lat' dir='ltr'><strong>patriamque</strong></span> <span class='ocrx_word' id='word_1_366' title='bbox 589 4237 661 4291; x_wconf 78' lang='lat' dir='ltr'><strong>ferro</strong></span> <span class='ocrx_word' id='word_1_367' title='bbox 679 4245 706 4292; x_wconf 87' lang='lat' dir='ltr'><strong>et</strong></span> <span class='ocrx_word' id='word_1_368' title='bbox 723 4257 831 4294; x_wconf 89' lang='lat' dir='ltr'><strong>ueneno</strong></span> <span class='ocrx_word' id='word_1_369' title='bbox 851 4238 1031 4308; x_wconf 79' lang='lat' dir='ltr'><strong>subiectaque</strong></span> <span class='ocrx_word' id='word_1_370' title='bbox 1045 4237 1166 4308; x_wconf 82' lang='lat' dir='ltr'><strong>undique</strong></span> <span class='ocrx_word' id='word_1_371' title='bbox 1185 4237 1249 4307; x_wconf 81' lang='lat' dir='ltr'><strong>igne</strong></span> <span class='ocrx_word' id='word_1_372' title='bbox 1267 4252 1385 4307; x_wconf 84' lang='lat' dir='ltr'><strong>pereme-</strong></span> 
     </span>
     <span class='ocr_line' id='line_1_38' title="bbox 231 4318 1385 4394; baseline 0.003 -25"><span class='ocrx_word' id='word_1_373' title='bbox 231 4324 295 4370; x_wconf 89' lang='lat' dir='ltr'><strong>runt</strong></span> <span class='ocrx_word' id='word_1_374' title='bbox 305 4331 330 4370; x_wconf 94' lang='lat' dir='ltr'><em>N</em></span> <span class='ocrx_word' id='word_1_375' title='bbox 341 4318 350 4388; x_wconf 91' lang='grc' dir='ltr'><strong>ΗΗ</strong></span> <span class='ocrx_word' id='word_1_376' title='bbox 362 4319 445 4374; x_wconf 84' lang='lat' dir='ltr'><strong>duces</strong></span> <span class='ocrx_word' id='word_1_377' title='bbox 459 4321 473 4373; x_wconf 83' lang='grc'>1</span> <span class='ocrx_word' id='word_1_378' title='bbox 486 4321 495 4390; x_wconf 97' lang='grc' dir='ltr'>Η</span> <span class='ocrx_word' id='word_1_379' title='bbox 508 4339 537 4376; x_wconf 90' lang='grc'><strong>33</strong></span> <span class='ocrx_word' id='word_1_380' title='bbox 549 4322 657 4376; x_wconf 70' lang='lat' dir='ltr'><strong>addidi:</strong></span> <span class='ocrx_word' id='word_1_381' title='bbox 670 4341 712 4378; x_wconf 86' lang='lat' dir='ltr'><strong>om</strong></span> <span class='ocrx_word' id='word_1_382' title='bbox 723 4336 743 4378; x_wconf 81' lang='lat' dir='ltr'><em>B</em></span> <span class='ocrx_word' id='word_1_383' title='bbox 755 4323 765 4394; x_wconf 89' lang='grc' dir='ltr'><strong>ΗΗ</strong></span> <span class='ocrx_word' id='word_1_384' title='bbox 779 4327 812 4378; x_wconf 79' lang='lat'><strong>27</strong></span> <span class='ocrx_word' id='word_1_385' title='bbox 825 4328 883 4377; x_wconf 88' lang='lat' dir='ltr'><strong>este</strong></span> <span class='ocrx_word' id='word_1_386' title='bbox 894 4322 1050 4392; x_wconf 54' lang='lat' dir='ltr'><strong>Harpasa:</strong></span> <span class='ocrx_word' id='word_1_387' title='bbox 1068 4339 1127 4377; x_wconf 83' lang='grc'>3333</span> <span class='ocrx_word' id='word_1_388' title='bbox 1145 4333 1189 4377; x_wconf 74' lang='grc' dir='ltr'><strong>ΒΝ</strong></span> <span class='ocrx_word' id='word_1_389' title='bbox 1206 4321 1215 4391; x_wconf 95' lang='grc' dir='ltr'>Η</span> <span class='ocrx_word' id='word_1_390' title='bbox 1233 4324 1266 4375; x_wconf 81' lang='lat'><strong>29</strong></span> <span class='ocrx_word' id='word_1_391' title='bbox 1285 4318 1385 4374; x_wconf 79' lang='lat' dir='ltr'><strong>fultum</strong></span> 
     </span>
     <span class='ocr_line' id='line_1_39' title="bbox 230 4403 1359 4472; baseline 0.002 -20"><span class='ocrx_word' id='word_1_392' title='bbox 230 4403 427 4472; x_wconf 81' lang='grc' dir='ltr'>33333333ΝΗ</span> <span class='ocrx_word' id='word_1_393' title='bbox 806 4427 811 4436; x_wconf 87' lang='grc'><em>·</em></span> <span class='ocrx_word' id='word_1_394' title='bbox 1356 4447 1359 4454; x_wconf 97' lang='grc'>.</span> 
     </span>
    </p>
   </div>
   <div class='ocr_carea' id='block_1_8' title="bbox 0 0 1657 5084">
    <p class='ocr_par' dir='ltr' id='par_1_9' title="bbox 0 0 1657 5084">
     <span class='ocr_line' id='line_1_40' title="bbox 0 0 1657 5084; baseline 0 0"><span class='ocrx_word' id='word_1_395' title='bbox 0 0 1657 5084; x_wconf 95' lang='lat' dir='ltr'><strong> </strong></span> 
     </span>
    </p>
   </div>
  </div>
 </body>
</html>
