3300 5084
295 373 448 432 XXXIIII
543 419 548 424 .
618 402 661 412 ι·
780 384 977 432 1111111110.

287 545 454 620 poteretur
467 535 643 610 intactum,
668 521 754 616 quod
768 533 803 595 in
817 542 847 596 B
862 541 986 616 semper
1006 518 1193 596 correctum*
1206 543 1266 596 est.
1298 539 1355 601 sed
1371 536 1461 601 ¹suffi-

296 641 387 704 ciunt
402 641 493 714 haec,
511 661 591 722 quae
606 637 700 702 facile
715 637 827 722 augeri
840 650 985 721 possent,
1002 639 1029 701 si
1045 660 1126 721 opus
1141 651 1236 702 esset.

381 745 437 808 Eis
452 743 539 806 enim
556 766 637 827 quae
652 745 819 827 hucusque
842 744 1009 828 disputaui
1023 745 1111 827 uiam
1124 758 1222 828 atque
1237 736 1395 818 rationem
1409 746 1461 806 fir-

295 873 383 915 mare
398 849 501 926 uolui,
520 872 584 932 qua
598 847 799 927 Flori‘uerba
813 851 981 914 restituere
996 861 1130 914 conatus
1141 855 1237 928 sum,
1255 861 1413 934 quatenus
1428 849 1463 926 id

294 958 449 1021 librorum
465 955 656 1020 testimoniis
672 955 844 1038 diligenter
864 966 896 1018 et
917 956 959 1018 ad
980 955 1057 1019 artis
1071 956 1200 1020 criticae
1210 953 1302 1039 leges
1318 954 1462 1021 tractatis

295 1062 377 1130 effici
391 1062 508 1144 potuit.
534 1072 571 1124 ut
594 1061 696 1152 officio
719 1060 821 1124 critici
836 1060 931 1148 plene
946 1061 1023 1124 satis
1044 1045 1135 1125 fieret
1157 1064 1305 1124 accedere
1326 1051 1462 1123 debebat

294 1191 401 1243 rerum
415 1191 434 1230 a
449 1168 544 1230 Floro
560 1163 751 1230 traditarum
766 1175 914 1246 accurata
927 1167 1151 1248 pertractatio,
1176 1190 1240 1250 qua
1250 1166 1329 1230 sola
1349 1165 1461 1228 multis

294 1274 373 1338 locis
396 1275 437 1336 ad
457 1272 617 1356 liquidum
637 1272 770 1356 perduci
790 1271 928 1354 poterit,
959 1271 1038 1353 quid
1063 1274 1104 1335 ab
1132 1295 1170 1336 eo
1191 1272 1287 1337 scribi
1306 1272 1459 1355 potuerit.

246 1419 250 1428 ·
295 1389 434 1462 quantus
450 1378 539 1462 enim
553 1387 693 1440 errorum
715 1378 979 1460 grauissimorum
993 1390 1026 1440 et
1040 1378 1403 1466 paene-incredibilium
1428 1376 1464 1438 in

293 1484 463 1548 hominum
485 1494 589 1566 atque,
609 1484 752 1546 locorum
774 1483 980 1561 nominibus,
1010 1485 1046 1547 in
1075 1496 1219 1567 tempore
1242 1485 1461 1567 conputando,

295 1576 434 1672 denique
453 1588 489 1650 in
517 1587 666 1652 omnibus
688 1579 770 1671 quae
791 1592 890 1653 fidem
911 1589 1063 1653 historico
1082 1591 1213 1654 faciunt·
1227 1592 1322 1652 rebus
1345 1590 1380 1652 in
1401 1589 1463 1653 hoc

296 1695 379 1759 libro
394 1694 637 1758 commissorum
651 1716 807 1758 numerus
829 1695 889 1772 sit,
907 1696 985 1759 satis
999 1718 1057 1780 per
1071 1696 1140 1760 eius
1159 1693 1348 1779 interpretes
1365 1706 1462 1777 atque

295 1802 500 1866 historiarum
516 1799 683 1883 scriptores
698 1811 813 1866 notum
835 1812 884 1865 est
898 1825 1002 1885 neque
1018 1803 1086 1864 ulla
1099 1824 1155 1885 per
1170 1787 1319 1886 exempla
1332 1804 1463 1865 demon-

296 1906 449 1970 stratione
465 1917 547 1988 eget.
581 1927 777 1988 quamquam
798 1906 900 1990 igitur
919 1931 1014 1972 nemo
1044 1909 1190 1972 dubitare
1210 1919 1317 1991 potest
1345 1907 1465 1990 quin-a

295 2013 389 2076 Floro
404 2033 523 2075 errores
539 2012 616 2075 satis
631 2013 741 2094 magni
756 2012 917 2094 expectari
929 2013 1067 2095 possint,
1095 2036 1220 2097 semper
1234 2026 1344 2078 tamen
1358 2011 1463 2095 inqui·
1521 2022 1524 2026 ’

295 2119 431 2183 rendum
445 2118 516 2194 erit,
533 2128 642 2180 utrum
657 2139 793 2182 errorem
808 2119 948 2201 aliquem
962 2119 1026 2201 ipsi
1046 2119 1140 2182 Floro
1163 2141 1206 2183 an
1219 2119 1349 2182 librario
1369 2118 1464 2200 inpu-

296 2234 363 2286 tare
381 2223 577 2298 debeamus,
607 2245 649 2285 ne
672 2232 729 2284 aut
749 2221 849 2284 huius
871 2222 954 2285 uitia
981 2226 1150 2286 emendare
1178 2216 1387 2306 neglegamus
1401 2234 1465 2286 aut

296 2327 384 2390 illius
399 2327 614 2410 ignorantiam
629 2328 843 2411 corrigamus,
865 2349 1002 2411 quorum
1025 2329 1198 2411 utrumque
1218 2327 1463 2410 criticumpari-

296 2447 345 2498 ter
360 2435 502 2496 dedecet.
527 2455 641 2496 uerum
661 2435 701 2498 de
722 2434 782 2496 hac
804 2456 838 2496 re
860 2444 983 2496 certum
1004 2433 1159 2497 iudicium
1174 2418 1249 2496 feni
1272 2455 1338 2496 non
1357 2443 1463 2516 potest

296 2539 361 2603 nisi
381 2539 453 2622 quis
475 2551 622 2603 accurate
652 2538 916 2623 inuestigauen‘t,
947 2562 1012 2623 qua
1032 2539 1201 2622 diligentia
1221 2550 1253 2602 et
1273 2561 1370 2616 cura,
1401 2560 1464 2621 quo

297 2645 416 2708 iudicio
432 2656 465 2707 et
478 2645 650 2728 prudentia
665 2646 778 2709 Florus
792 2646 924 2736 singorla
939 2645 1126 2722 tradiderit,
1144 2669 1240 2728 quam
1255 2646 1291 2708 in
1305 2645 1351 2708 eis
1366 2647 1463 2708 fidem

231 2823 239 2833 .
297 2762 472 2828 mereatur,
501 2754 587 2835 quod
607 2752 768 2835 praeclaro
784 2751 939 2834 vexemplo
960 2752 996 2815 in
1017 2752 1166 2816 Cornelio
1187 2753 1314 2836 Nepote
1328 2749 1465 2834 Nipper-

291 2839 389 2920 'deius
404 2857 547 2939 perfecit.
580 2868 651 2920 tum
670 2859 801 2920 demum
817 2866 975 2938 quatenus
991 2858 1149 2920 erroribus
1164 2857 1278 2920 Florus
1293 2856 1464 2940 probabili-

299 2974 346 3028 ter
360 2962 487 3026 liberari
502 2962 603 3046 possit
617 2961 792 3025 diiudicare
813 2961 934 3038 licebit.
970 2963 1054 3024 hanc
1075 2984 1151 3025 uero
1174 2963 1204 3024 ei
1225 2985 1355 3045 operam
1375 2983 1465 3044 prae-

299 3079 382 3132 stare
404 3091 454 3132 res
474 3089 564 3132 meae
593 3089 662 3130 non
681 3066 831 3130 sinebant
838 3092 848 3143 ;
874 3088 972 3149 quare
999 3068 1038 3129 ab
1065 3066 1218 3130 historica
1243 3067 1318 3131 crisi
1337 3088 1465 3149 prorsus

299 3173 460 3250 abstinui,
488 3169 657 3236 contentus
678 3173 708 3235 ei
723 3173 779 3257 qui
799 3173 889 3237 hunc
904 3175 1045 3237 laborem
1072 3184 1279 3257 suscepturus
1309 3183 1358 3236 est
1380 3163 1467 3234 certa

180 3345 184 3351 ,
299 3269 509 3343 fundamenta
530 3278 659 3356 iecisse,
684 3301 703 3342 a
725 3279 843 3362 quibus
866 3289 940 3342 tuto
952 3277 1111 3361 proficisci
1125 3279 1237 3360 possit.
1276 3266 1353 3341 hinc
1369 3277 1467 3340 etiam

300 3385 455 3468 quaestio,
469 3385 804 3478 quaeestdefontibus
815 3384 931 3467 quibus
943 3386 1056 3448 Florus
1068 3407 1146 3448 usus
1159 3385 1212 3461 sit,
1226 3385 1383 3448 soluenda
1393 3383 1464 3446 erit.

300 3513 374 3553 cum
397 3490 541 3567 codices,
570 3491 668 3570 etiarn
687 3499 755 3555 BN
759 3538 769 3582 ,
793 3491 882 3553 hunc
902 3491 1048 3553 libellum
1070 3491 1243 3573 epitomem
1258 3493 1298 3554 de
1313 3492 1353 3554 T.
1370 3489 1466 3554 Liuio

299 3595 487 3674 inscribant,
511 3619 578 3660 non
592 3597 763 3660 dederunt
778 3597 834 3680 qui
849 3599 1080 3660 contenderent
1095 3597 1227 3660 Florum
1240 3598 1331 3664 nullo
1344 3606 1468 3680 praeter

301 3701 434 3766 Liuium
454 3702 660 3765 historiarum
681 3701 833 3785 scriptore
854 3725 966 3779 usum,
997 3704 1053 3766 sed
1075 3704 1115 3765 ab
1137 3725 1174 3766 eo
1195 3703 1467 3767 solo’mutuatum

301 3827 388 3896 esse,
413 3828 494 3888 quae
509 3805 665 3871 rhetorice
679 3818 858 3871 exornaret.
890 3810 977 3891 quod
997 3809 1053 3892 qui
1072 3831 1177 3892 nuper
1191 3809 1343 3872 acerrime
1359 3806 1467 3868 defen·
1501 3833 1505 3838 ¹

302 3910 351 3998 dit
371 3910 562 3976 Franciscus
588 3913 734 3977 Ritterus
761 3913 797 3976 in
823 3914 991 3977 annalium
1017 3916 1056 3977 ab
1083 3913 1271 3997 antiquariis
1298 3910 1467 3976 Rhenanis

303 4015 462 4080 editarum
475 4017 630 4082 fasciculo
643 4019 749 4084 XVII
763 4041 785 4102 p
805 4029 817 4083 1
837 4042 907 4103 sqq,
918 4020 952 4084 is
967 4041 1006 4082 ea
1020 4020 1166 4094 leuitate,
1183 4041 1248 4102 qua
1263 4016 1467 4080 difficillimas

303 4121 503 4204 quaestiones
519 4123 689 4188 facillimas
705 4124 766 4188 sibi
780 4127 912 4188 reddere
927 4126 1020 4202 solet,
1037 4125 1136 4188 etiam
1149 4124 1233 4186 hanc
1247 4144 1315 4185 rem
1329 4121 1464 4205 peregit.

252 4245 254 4250 ·
303 4227 395 4312 quasi
410 4229 530 4292 oblitus
553 4240 656 4306 esset,
680 4242 758 4312 quot
772 4231 854 4294 locis
867 4254 887 4293 a
901 4231 997 4295 Liuio
1012 4230 1139 4293 diuersa
1160 4229 1274 4292 Florus
1299 4226 1468 4290 tradidisse

302 4334 514 4402 conuincatur
529 4321 635 4400 sicubi
646 4335 779 4401 Liuium
795 4327 905 4421 ipsum
917 4337 1059 4400 conferre
1073 4333 1162 4410 licet,
1178 4335 1234 4397 ille
1249 4355 1468 4417 quaecumque

305 4443 391 4524 apud
405 4441 537 4505 Florum
559 4441 664 4504 solum
684 4441 785 4505 relata
808 4444 972 4526 leguntur,
994 4441 1071 4524 quia
1086 4441 1218 4506 Liuium
1232 4441 1298 4504 iam
1319 4441 1469 4504 adhibere
