3300 5084
280 351 405 409 xxun
593 377 595 382 ,
769 360 981 406 11111111.-
1027 320 1074 370 Ὗ

173 573 180 594 ,
284 525 340 579 aut
354 535 488 598 prauam
503 520 540 575 11
555 509 642 574 hisce

494 622 532 681 N
903 621 946 678 X·
1268 622 1330 680 B.

281 777 724 868 1137,171111111111111-
755 785 787 836 et
796 731 867 857 iiiiii
881 783 914 837 et
928 775 1086 840 exercitus
1124 782 1156 835 et
1184 741 1253 856 ipse
1283 783 1316 836 et
1343 771 1444 857 ipsius

449 881 532 944 citus
837 931 956 973 uaesana
1156 878 1313 941 exercitus

320 995 372 1066 86,
388 997 427 1052 20
440 987 515 1050 inde
532 987 596 1050 alia
612 997 715 1050 castra
755 985 831 1054 inde
847 985 911 1047 alia
926 995 1031 1048 castra
1124 984 1444 1047 indealiacastraua-

329 1077 331 1080 ¹
614 1161 619 1164 ,
803 1141 824 1184 a
1155 1089 1289 1152 reniana
1303 1100 1407 1152 castra
1434 1173 1437 1178 Ι

318 1209 371 1278 90,
407 1200 517 1285 equid
757 1207 915 1284 quantum
1044 1199 1048 1206 ’
1126 1205 1283 1278 quantum
1298 1194 1333 1276 id
1367 1196 1370 1199 ’

240 1303 244 1306 ’
281 1331 358 1372 nam
380 1329 401 1390 p
425 1313 477 1382 37,
504 1313 540 1369 17
565 1304 699 1387 inprobo
726 1301 791 1364 iam
814 1302 900 1384 quod
927 1300 1100 1363 lectionem
1122 1307 1154 1381 B
1178 1300 1283 1383 recepi
1305 1311 1338 1362 et
1358 1310 1444 1363 recte

217 1423 220 1428 “
248 1391 250 1396 ,
281 1413 443 1496 scripsisse
458 1410 628 1472 Dukerum
642 1417 721 1490 puto
733 1401 778 1469 ‘et
791 1406 893 1488 ipsius
908 1415 938 1468 et
952 1397 1128 1468 exereitus'.
1153 1408 1209 1468 scd
1224 1406 1288 1468 huc
1304 1408 1444 1488 quodam

279 1521 374 1585 modo
395 1514 554 1601 pertinere
581 1515 710 1577 uidetur
730 1510 829 1594 p'.63,
850 1518 900 1586 13,
924 1509 981 1572 ubi
993 1511 1078 1592 quod
1092 1510 1127 1572 in
1142 1518 1172 1573 B
1192 1510 1310 1593 legitur
1331 1534 1443 1574 cousu-

278 1627 424 1707 mumpue
438 1645 504 1684 uno
519 1619 669 1683 uocabuli
683 1628 826 1702 monstro
841 1614 1011 1679 coniunxit
1032 1615 1116 1696 quod
1138 1615 1173 1676 in
1186 1622 1226 1678 N
1235 1616 1355 1698 legitur
1369 1638 1443 1678 euu-

279 1749 458 1812 casumque,
477 1727 561 1809 quod
577 1734 684 1806 aperte
700 1725 912 1806 deprauatum
927 1731 994 1795 est,
1011 1731 1043 1782 et
1059 1721 1144 1802 quod
1159 1741 1273 1782 uerum
1288 1727 1336 1780 est
1350 1719 1441 1781 Hae-

278 1826 442 1918 mumque,
472 1830 576 1915 qualis
597 1830 779 1911 corruptela
802 1826 904 1890 exeis
926 1848 1008 1908 quae
1028 1828 1067 1888 de
1088 1825 1197 1888 codice
1218 1831 1249 1888 X
1263 1824 1350 1887 dicta
1364 1831 1443 1885 sunt

215 1931 218 1936 ¹
280 1943 357 2005 satis
381 1942 464 2002 bene
486 1935 639 2020 explicari
663 1943 780 2017 potest.
820 1955 887 1995 uno
913 1943 1021 1994 autem
1047 1932 1127 2012 loco*
1146 1913 1226 1994 tam!
1240 1939 1270 1994 B
1290 1951 1387 2013 quam
1408 1934 1447 1991 N
1480 1977 1484 1982 -

280 2058 450 2126 utramque
464 2039 636 2105 lectitmem
651 2049 831 2102 scruarunt.
856 2059 933 2099 nam
946 2061 968 2120 p
988 2044 1061 2113 119,
1082 2045 1119 2099 10
1135 2060 1210 2099 cum
1224 2037 1259 2099 in
1274 2045 1303 2097 B
1316 2035 1444 2117 legatur

218 2193 221 2198 ,
262 2145 330 2212 '‘ue
346 2147 484 2231 11111111
500 2147 626 2228 quidem
649 2153 706 2206 aut
720 2143 856 2225 proditu
880 2178 918 2188 -
935 2135 1179 2218 coniuratioue',
1197 2142 1232 2204 in
1246 2148 1285 2205 N
1296 2164 1372 2204 uero
1390 2135 1443 2203 ‘ue
1459 2161 1467 2183 ι’
1545 2133 1549 2136 ’

273 2253 445 2338 praedicta
468 2251 592 2335 quidem
616 2259 646 2352 et
664 2247 798 2331 proditu
815 2245 1109 2385 {fflmrmne’
1139 2246 1292 2328 numquis
1314 2247 1443 2309 dubitat

279 2392 358 2475 quin
373 2391 408 2453 in
418 2395 454 2458 ,Χ
469 2389 623 2471 scriptum
644 2387 741 2450 fuerit
762 2407 801 2448 ue
812 2379 992 2467 ‘praedicte
1006 2383 1132 2466 quidem
1147 2421 1188 2430 -
1204 2376 1439 2460 coniurationi,

166 2564 168 2568 .
280 2507 441 2562 siusium
456 2496 498 2559 sit
513 2495 619 2558 solum
632 2491 790 2576 prodita?

320 2602 465 2684 'Reliqui
471 2599 650 2682 suntpauci
656 2597 789 2680 quidam
796 2597 860 2661 loci
866 2596 1119 2681 quorumsimilis
1126 2596 1258 2680 quidem
1264 2596 1443 2679 comuptela

265 2718 340 2794 pest,
359 2708 415 2768 sed
430 2728 496 2768 non
512 2715 578 2767 tam
593 2703 746 2792 simplicis
759 2703 994 2787 explicationis.
1018 2705 1104 2786 quod
1117 2709 1200 2787 1169,
1212 2713 1227 2765 7
1241 2704 1311 2766 inB
1324 2704 1443 2787 legitur

276 2807 452 2875 ‘Oreticum
468 2810 582 2872 bellum
596 2845 639 2856 —-
660 2831 716 2870 uos
722 2808 866 2890 fecimus
886 2809 957 2870 sole
978 2809 1129 2871 uiuceudi
1146 2809 1281 2881 mobilem
1303 2809 1442 2873 insulam

212 2973 215 2979 ,
278 2915 437 2996 cupiditas
443 2905 539 2998 feeit'
556 2915 693 2974 duarum
706 2913 882 2974 lectionum
896 2912 1036 2993 uestigia
1050 2919 1158 2994 aperte
1172 2925 1340 2976 monstrat.
1365 2936 1442 2978 nam

278 3021 307 3084 si
322 3020 393 3102 quis
408 3021 506 3081 uerba
520 3039 576 3080 uos
589 3017 732 3101 fecimus
753 3027 791 3078 ut
805 3038 862 3098 per
876 3038 1012 3078 errorem
1027 3017 1130 3079 inlata
1144 3018 1249 3080 delere
1264 3018 1363 3094 uelit,
1386 3021 1440 3082 ob-

279 3135 343 3188 stat
357 3130 403 3199 N,
420 3126 454 3186 in
471 3147 533 3206 quo
549 3123 703 3206 scriptum
718 3115 950 3188 est‘Oreticum
966 3121 1081 3184 bellum
1096 3153 1135 3168 -·-
1151 3145 1208 3184 uos
1214 3123 1358 3206 fecimus
1371 3126 1441 3191 solu
1517 3113 1520 3119 ³
1542 3203 1544 3206 Ι

277 3228 428 3294 uiuceuo'i
441 3230 574 3292 uobilem
590 3229 729 3291 iusulum
744 3219 939 3309 cupiditate.
964 3226 1087 3290 scilicet
1111 3227 1260 3298 librarius
1275 3228 1439 3293 inconcin-
1488 3259 1492 3264 ’

276 3358 356 3398 num
371 3335 452 3398 illud
469 3335 626 3418 cupiditas
638 3333 727 3418 fecit
746 3332 793 3394 ita
813 3332 955 3395 mutauit
988 3343 1026 3395 ut
1047 3355 1122 3395 cum
1143 3333 1190 3397 eis
1210 3356 1291 3417 quae
1314 3357 1440 3418 praece-

278 3442 360 3505 dunt
374 3463 431 3504 uos
444 3441 587 3525 fecimus
601 3439 695 3521 iungi
717 3437 830 3520 possit.
861 3437 897 3499 in
919 3444 950 3501 Χ
971 3437 1071 3520 igitur
1091 3448 1265 3522 utrumque
1287 3443 1442 3524 scriptum

276 3547 374 3611 fuisse
390 3556 522 3630 apparet
534 3541 709 3610 ‘Oreticum
725 3543 887 3605 bellum·-
899 3565 956 3606 uos
963 3543 1107 3627 fecimus
1121 3545 1235 3606 solu-
1244 3542 1438 3628 cupiditati,

277 3663 309 3716 et
320 3648 495 3716 ‘Oreticum
512 3652 625 3714 bellium
638 3687 677 3698 -
690 3650 758 3712 solu
770 3648 930 3730 cupiditas
935 3642 1031 3734 secit'
1035 3697 1043 3711 .
1053 3671 1192 3733 quorum
1204 3661 1313 3715 utrum
1328 3675 1441 3717 uerum

276 3758 318 3820 sit
333 3757 422 3819 haud
436 3756 483 3818 ita
497 3755 590 3818 facile
606 3755 752 3818 dixerim.

274 3883 296 3958 p
314 3866 366 3936 79,
386 3869 401 3922 7
420 3881 501 3942 quae
523 3861 676 3942 leguntur
694 3855 896 3944 ε1111111111
914 3861 1056 3946 pestium
1078 3862 1180 3925 uictor
1201 3861 1344 3946 orbisque
1362 3886 1439 3946 pos·

275 3987 377 4028 sessor
403 3965 538 4027 extorris
564 3965 631 4028 uris
653 3989 691 4028 ae
706 3967 798 4051 focis
825 3959 941 4051 uperet’
956 3989 1013 4049 per
1035 3989 1069 4029 sc
1091 3977 1235 4049 spectata
1257 3967 1356 4030 totius
1376 3969 1440 4031 loci

276 4050 470 4134 structuram
486 4075 552 4132 arte
567 4072 766 4154 conpositam
782 4074 924 4135 turbant.
962 4094 1038 4134 nam
1054 4094 1128 4134 cum
1145 4071 1246 4135 trihus
1262 4074 1439 4138 enuntiatis

275 4175 359 4238 inter
382 4197 416 4238 se
438 4176 597 4240 similibus
624 4177 763 4240 ambitus
791 4179 1020 4254 concludatur,
1047 4176 1131 4239 nihil
1152 4179 1236 4260 quod
1259 4177 1312 4242 his'
1331 4180 1439 4244 uerbis

274 4281 378 4345 simile
394 4281 436 4344 sit
456 4285 595 4360 secundo
619 4293 714 4366 atque
735 4283 831 4347 tertio
847 4283 1051 4366 adiungitur,
1073 4283 1108 4347 id
1122 4287 1209 4367 quod
1223 4285 1298 4349 ferri
1312 4286 1436 4368 nequit.
1533 4352 1539 4364 ,
1645 4330 1647 4351 2

275 4395 345 4449 1111
366 4386 445 4450 hacc
465 4390 565 4453 uerba
586 4390 647 4454 hoc
671 4388 741 4452 loco
767 4411 896 4470 prorsus
925 4410 1162 4472 superuacanea
1189 4402 1283 4467 sunt3
1304 4392 1439 4456 accedit
