3300 5084
291 325 350 386 106
535 331 539 340 '
766 345 838 387 rvur
854 343 952 388 rcoar

282 514 350 575 =que
365 511 481 574 genere
496 491 734 567 discriminum,
756 492 907 556 ciuilibus
929 492 1069 555 externis
1091 492 1263 557 seruilibus
1285 497 1441 559 terrestri-

289 599 349 660 bus
365 619 401 660 ac
416 596 589 659 naualibus
603 597 696 660 bellis
712 619 805 660 omne
821 598 949 681 imperii
963 619 1078 682 corpus
1093 598 1252 680 agitatum
1266 611 1328 664 est.

572 815 650 881 xv.
675 796 860 926 uncuvn
875 815 1157 883 uvrrnunsn.

171 1019 197 1060 1¹
202 1017 240 1073 11,
258 999 276 1056 4
290 1003 400 1068 Prima
414 1003 561 1066 ciuilium
575 1013 723 1066 motuum
738 1021 835 1066 causa
850 1013 1081 1068 testamentum
1095 1003 1241 1068 Caesaris
1255 1006 1330 1082 fuit,
1348 1007 1440 1071 cuius

290 1111 450 1173 secundus
465 1110 557 1171 heres
572 1107 753 1182 Antonius,
776 1107 956 1189 praelatum
979 1108 1040 1171 sibi
1054 1096 1228 1172 Octauium
1243 1111 1372 1187 furens,
1394 1112 1442 1174 in-
1464 1126 1479 1174 5

290 1213 449 1296 expiabile
464 1223 575 1276 contra
590 1213 795 1294 adoptionem
810 1212 954 1276 acerrimi
968 1212 1096 1276 iuuenis
1111 1227 1293 1298 susceperat
1307 1218 1440 1280 bellum.

291 1319 409 1401 quippe
424 1339 498 1380 cum
518 1317 603 1380 intra
625 1329 777 1379 octauum
799 1317 959 1409 decimum
980 1337 1102 1380 annum
1122 1331 1269 1383 tenerum
1292 1331 1324 1383 et
1338 1319 1442 1391 'obno-

291 1423 383 1487 xium
397 1432 429 1485 et
444 1433 661 1505 opportunum
679 1421 816 1485 iniuriae
837 1423 990 1485 iuuenem
1011 1423 1153 1500 uideret,
1177 1426 1245 1509 ipse
1266 1427 1381 1510 plenae
1403 1449 1444 1490 ex

291 1528 478 1592 commilitio
493 1528 637 1590 Caesaris
652 1526 819 1610 dignitatis
834 1529 973 1590 lacerare
987 1529 1081 1590 furtis
1096 1529 1318 1606 hereditatem,
1335 1527 1443 1614 ipsum

290 1633 441 1696 insectari
465 1633 608 1715 probris,
640 1633 764 1695 cunctis
797 1632 920 1695 artibus
946 1634 1183 1716 cooptationem
1209 1635 1312 1700 Iuliae
1336 1638 1444 1719 gentis
1464 1651 1497 1700 10

291 1738 453 1814 inhibere,
482 1737 619 1819 denique
641 1740 681 1800 ad
703 1737 950 1821 opprimendum
971 1738 1123 1801 iuuenem
1142 1741 1250 1822 palam
1270 1761 1358 1803 arma
1377 1761 1445 1804 mo‘·

291 1842 361 1919 liri,
384 1851 416 1906 et
438 1843 503 1905 iam
522 1853 634 1925 parato
650 1844 842 1906 exercituin
858 1844 1023 1926 Cisalpina
1038 1845 1147 1907 Gallia
1162 1844 1363 1910 resistentem
1376 1869 1443 1909 mo·

292 1949 378 2012 tibus
401 1948 467 2011 suis
489 1949 662 2010 Decimum
677 1952 816 2022 Brutum
839 1949 992 2012 obsidere.
1026 1959 1059 2011 at
1080 1950 1237 2013 Octauius
1252 1952 1388 2027 Caesar,
1411 1961 1444 2014 et

293 2063 397 2136 aetate
424 2063 456 2116 et
481 2051 600 2116 iniuria
624 2052 829 2130 fauorabilis,
857 2065 890 2115 et
914 2053 1055 2116 nominis
1080 2055 1248 2118 maiestate
1274 2059 1360 2139 quod
1386 2057 1447 2119 sibi

294 2158 442 2220 induerat
469 2158 626 2221 reuocatis
649 2161 689 2221 ad
711 2179 800 2220 arma
820 2158 1000 2232 ueteranis,
1023 2158 1170 2238 priuatus
1187 2161 1314 2242 —quis
1336 2164 1442 2224 crede-
1464 2173 1497 2222 15

293 2262 361 2326 ret?
376 2297 419 2310 -
439 2264 604 2326 consulem
625 2263 827 2345 adgreditur,
859 2262 1024 2324 obsidione
1050 2263 1200 2324 Mutinae
1225 2264 1341 2327 liberat
1362 2269 1445 2328 Bru·
1493 2285 1497 2295 '

294 2377 381 2444 tum,
398 2369 579 2431 Antonium
594 2367 684 2431 exuit
700 2367 821 2430 castris.
847 2375 925 2427 tunc
940 2364 1070 2447 quidem
1085 2365 1184 2428 etiam
1197 2387 1297 2429 manu
1311 2368 1446 2450 pulcher

294 2474 452 2557 apparuit.
477 2495 554 2537 nam
569 2483 719 2536 cruentus
735 2483 767 2534 et
783 2471 909 2534 saucius
932 2471 1073 2552 aquilam
1088 2493 1107 2533 a
1120 2471 1276 2535 moriente
1291 2473 1444 2556 signifero

294 2579 445 2641 traditam
461 2581 527 2644 suis
542 2577 660 2642 umeris
675 2577 711 2639 in
726 2586 830 2640 castra
844 2577 1010 2640 referebat.
1428 2558 1432 2565 x

1630 1161 1646 1190 Q

571 2833 668 2897 XVI.
693 2832 878 2897 BELLVM
895 2829 1175 2895 PERVSINVM.
1465 2846 1498 2896 20

174 3051 244 3108 1111,
263 3029 441 3094 5Alterum
454 3027 578 3093 bellum
599 3030 774 3091 concitauit
795 3050 944 3111 agrorum
965 3027 1100 3102 diuisio,
1124 3030 1210 3110 quod
1225 3030 1343 3092 Caesar
1357 3042 1444 3093 uete-

293 3135 378 3198 ranis
404 3133 504 3216 patris
534 3131 674 3215 pretium
700 3133 836 3195 militiae
864 3130 1013 3194 soluerat.
1056 3155 1180 3216 semper
1210 3134 1289 3197 alias
1310 3136 1446 3198 Antonii

293 3237 468 3322 pessimum
489 3237 657 3320 ingenium
679 3235 797 3302 Fuluia
823 3247 894 3300 tum
918 3235 1025 3319 gladio
1051 3237 1157 3300 cincta
1182 3239 1285 3302 uirilis
1311 3241 1446 3305 militiae

294 3365 375 3406 uxor
401 3343 554 3425 agitabat.
590 3365 665 3426 ergo
692 3344 842 3426 depulsos
868 3341 952 3425 agris
982 3342 1110 3406 colonos
1137 3343 1301 3408 incitando
1328 3337 1445 3409 iterum

295 3471 382 3510 anna
397 3445 505 3512 cierat.
535 3447 589 3510 hic
604 3471 681 3512 uero
702 3448 767 3511 iam
782 3471 848 3511 non
863 3445 1018 3531 priuatis,
1043 3449 1099 3510 sed
1120 3449 1219 3512 totius
1236 3458 1366 3514 senatus
1382 3451 1445 3515 suf·
1466 3464 1499 3512 25

298 3771 306 3820 1
325 3768 443 3821 externis
460 3768 604 3821 seruilibus
622 3787 664 3820 om
680 3779 706 3820 N
723 3767 732 3837 11
752 3772 765 3819 1
787 3768 880 3821 decem
897 3775 925 3820 et
943 3775 1004 3822 octo
1023 3786 1108 3821 annos
1124 3782 1150 3822 N
1165 3770 1175 3839 11
1192 3776 1220 3823 et
1239 3770 1387 3822 obnoxium
1405 3771 1448 3822 del

294 3854 433 3922 Hauptiua
446 3853 455 3923 11
468 3857 483 3906 8
496 3859 660 3922 oportunum
671 3863 715 3904 BN
725 3853 734 3923 11
747 3853 770 3905 is
782 3852 878 3923 plenae
888 3866 908 3906 Β
921 3853 930 3922 11
943 3858 958 3906 9
979 3854 1109 3907 laceraret
1126 3854 1206 3906 furtis
1225 3854 1401 3905 hereditatem
1412 3865 1444 3917 N,

184 3953 189 3969 “
295 3939 412 3992 lacerare
424 3939 477 3992 uiri
489 3938 567 3990 fortis
580 3946 607 3990 et
619 3937 745 3989 heredem
758 3945 785 4008 et
797 3937 975 3990 hereditatem
991 3951 1011 3990 Β
1024 3939 1033 4008 11
1049 3943 1077 3990 11
1098 3937 1219 3989 inhibere
1238 3955 1294 3989 uon
1312 3938 1447 3991 desineret

234 4059 235 4065 ,
295 4023 412 4093 denique
424 4036 449 4077 Ν
460 4023 469 4092 11
483 4021 692 4092 depremendum
703 4034 729 4074 Ν
739 4021 753 4091 1Ι
763 4025 793 4073 13
807 4023 941 4075 obsidere.
955 4030 984 4076 at
999 4023 1109 4091 compsi:
1128 4021 1264 4073 obsiderat
1281 4034 1315 4085 Β,
1338 4022 1445 4092 obside-

294 4107 342 4160 bat
353 4120 378 4160 Ν
388 4108 397 4178 11
413 4112 443 4160 14
456 4106 611 4160 faborabilis
623 4119 642 4159 Β
655 4106 665 4176 11
676 4113 825 4174 magestate
837 4119 856 4159 Β
869 4107 879 4176 1
894 4112 924 4160 15
938 4109 1045 4161 credere
1055 4120 1075 4158 Β
1088 4107 1097 4175 1
1112 4111 1142 4158 16
1155 4105 1261 4157 obsidio
1278 4119 1302 4159 Ν
1313 4106 1322 4175 11
1345 4110 1374 4158 11
1389 4114 1447 4159 tum

293 4205 319 4243 N
330 4192 339 4260 1
354 4195 385 4244 18
403 4193 542 4245 oboriente
553 4203 573 4244 Β
585 4190 594 4260 11
610 4194 640 4243 19
660 4190 779 4244 humeris
791 4203 811 4242 Β
824 4191 833 4261 11
848 4196 877 4245 21
899 4211 967 4262 quos
985 4206 1011 4245 N
1021 4194 1029 4263 11
1044 4197 1075 4244 22
1093 4190 1176 4259 patris
1190 4203 1226 4242 B:
1246 4191 1275 4244 in
1288 4192 1382 4244 caruis
1400 4204 1425 4244 N
1436 4193 1444 4261 11

294 4275 515 4344 persoluebatNll
528 4279 560 4327 23
573 4282 633 4328 tum
644 4276 855 4328 Mommseaius:
867 4285 899 4329 ut
914 4288 942 4339 Β,
957 4294 999 4327 om
1011 4289 1036 4328 N
1047 4276 1055 4344 11
1069 4278 1100 4327 25
1109 4291 1183 4326 arma
1196 4275 1279 4328 cierat
1290 4274 1449 4343 Hauptios:

293 4358 322 4409 in
340 4376 413 4410 arma
424 4359 492 4412 ieiat
501 4371 532 4423 N,
547 4360 575 4411 in
588 4377 662 4412 arma
673 4368 849 4413 reuocauerat
859 4373 878 4412 Β
891 4362 899 4429 11
913 4378 968 4412 uon
980 4378 1022 4411 om
1034 4372 1053 4411 Β
1066 4359 1076 4427 11
