3300 5084
290 373 356 434 XX'
771 381 968 428 rasnrmro.

291 561 386 621 quare
401 538 461 600 hoc
476 535 583 618 potius
605 527 645 595 ab
668 532 801 596 homine
825 530 973 594 additum
986 551 1056 592 esse
1072 550 1186 592 censeo
1201 529 1258 612 qui
1273 529 1456 612 significare

290 642 394 705 uoluit
415 641 508 723 quale
523 640 659 702 uerbum
674 638 930 720 intellegendum
945 634 997 698 sit.
1322 703 1325 706 ⁴

376 746 491 808 Paullo
512 744 646 827 [diuersa
667 741 884 826 interpolandi
898 741 979 804 ratio
994 751 1059 815 est,
1082 762 1146 822 qua
1160 741 1226 802 duo
1239 739 1303 802 loci
1317 740 1459 822 corrupti

291 861 379 926 sunt,
397 853 436 912 de
452 850 568 932 quibus
582 849 724 914 breuiter
738 849 843 911 dicam
851 848 936 929 quod
945 846 1059 909 sentio.
1077 853 1167 928 prot
1177 847 1216 908 de
1227 845 1456 928 Pompeiifiliis

291 967 364 1039 post
378 955 536 1037 proelium
551 957 638 1038 apud
653 954 813 1016 Mundam
828 951 997 1014 uictoriam
1012 945 1255 1032 desperantibus
1272 951 1408 1013 Sextum
1423 973 1457 1012 se

287 1061 326 1122 -in
343 1060 516 1124 Celtiberia
538 1057 775 1123 abscondidisse
791 1068 921 1131 ‘narrat3
957 1047 1107 1118 ‘Caeam'
1132 1055 1177 1118 ait
1188 1049 1321 1137 ‘proelio
1336 1056 1455 1140 profa-

289 1183 366 1246 9am
389 1199 428 1210 -
442 1173 655 1248 purpurantem,
685 1166 763 1226 adeo
783 1164 923 1225 nondam
946 1162 1151 1242 desperabat,
1170 1154 1361 1244 interfecit'.
1398 1159 1456 1222 ubi

292 1268 391 1329 uerba
402 1261 493 1330 ‘odeo
508 1271 647 1350 nondam
664 1259 864 1350 desperabat³
882 1288 957 1328 cum
969 1265 1014 1328 eis
1030 1287 1112 1347 quae
1127 1267 1222 1328 modo
1236 1264 1346 1347 posuit
1357 1259 1458 1328 ‘aide-

294 1361 548 1435 aceruatarum
563 1365 810 1454 desperantibus
827 1372 874 1434 ita
890 1373 1023 1434 aduersa
1037 1371 1142 1432 fronte
1162 1381 1311 1452 pugnant
1339 1381 1457 1435 utnon

236 1459 238 1464 ¹
292 1478 421 1540 uideam
436 1501 499 1560 quo
514 1480 610 1541 modo
625 1479 664 1540 ab
681 1480 792 1540 eodem
807 1477 960 1558 scriptore
983 1474 1138 1557 coniungi
1158 1475 1342 1557 potuerint3
1367 1497 1456 1557 prae-

294 1583 404 1645 sertim
420 1605 494 1644 cum
509 1583 536 1646 is
552 1583 608 1664 qui
622 1583 657 1644 in
672 1583 751 1666 fuga
766 1585 805 1646 ab
820 1583 912 1644 hoste
928 1583 1095 1664 adgressus
1111 1601 1221 1662 pugna
1242 1602 1276 1643 se
1299 1581 1454 1656 defendit,
1525 1568 1527 1571 ¹

292 1688 364 1751 ideo
379 1711 445 1750 non
460 1687 719 1770 -desperassedici
732 1698 882 1770 nequeat.
901 1707 998 1768 quare
1009 1686 1088 1752 haec
1100 1685 1239 1768 aliquem
1250 1684 1455 1767 adscripsisse

290 1803 370 1876 puto
386 1793 449 1869 cui,
468 1793 544 1874 quia
554 1814 703 1876 pugnans
719 1793 907 1855 interfectus
914 1814 982 1854 esse
991 1801 1139 1852 narratur
1149 1780 1453 1872 Gneus'Pompcius,

287 1908 366 1960 nota
381 1897 518 1980 dignum
541 1898 650 1960 uisum
674 1901 824 1981 estquod
841 1907 936 1959 antea
962 1898 1144 1978 desperasse
1159 1894 1337 1958 dicebatur«
1374 1897 1456 1958 alter

290 2004 380 2066 locus
395 2002 547 2086 legiturp
566 2011 616 2078 74,
636 2008 695 2078 28,
719 2003 776 2064 ubi
798 2014 969 2084 postquam
990 2012 1156 2064 narratum
1170 2012 1219 2064 est
1234 1994 1383 2064 Crdssum
1398 2002 1456 2064 uix

292 2109 515 2192 captiuitatem
537 2091 638 2170 morte
654 2107 820 2190 cffirgissc‚
844 2108 973 2169 additur
991 2101 1052 2170 ‘sic
1071 2129 1191 2190 qaoque
1209 2108 1347 2170 relatum
1362 2115 1459 2189 caput

292 2213 431 2278 ludibrio
445 2212 584 2276 hostibus
598 2206 692 2292 fait'.
718 2223 788 2275 tum
803 2213 882 2295 quid
895 2214 934 2275 de
956 2211 1024 2274 filio
1038 2222 1070 2274 et
1085 2214 1125 2275 de
1139 2213 1283 2294 reliquiis
1298 2212 1456 2275 exercitus

292 2321 413 2382 factum
428 2317 470 2380 sit
485 2317 631 2380 traditur.
664 2317 802 2400 denique
822 2318 902 2379 haec
926 2318 1088 2380 adduntur
1103 2310 1215 2398 ‘caput
1233 2317 1301 2380 cias
1322 2317 1458 2381 recisam

292 2447 362 2488 cum
379 2426 507 2488 dextera
521 2444 619 2486 mana
634 2423 795 2506 adrepens
810 2431 1007 2504 reportatam
1023 2422 1160 2485 ludibrio
1174 2423 1265 2507 fait,
1288 2442 1388 2506 aeque
1409 2423 1456 2485 ia·

292 2531 398 2615 dique.
431 2550 546 2592 aarum
561 2527 644 2593 caim
660 2526 817 2610 liquidam
834 2527 868 2590 ia
882 2528 999 2590 rictam
1015 2524 1079 2590 o‘ris
1095 2527 1250 2611 infusam
1263 2537 1327 2604 est,
1353 2537 1390 2591 at
1403 2551 1456 2592 ca·
1496 2551 1502 2558 ’

291 2636 342 2698 ias
357 2635 483 2697 animus
499 2642 627 2698 arserat
641 2633 718 2696 uari
732 2633 925 2716 cupiditate,
943 2633 1010 2696 eius
1026 2633 1121 2697 etiam
1136 2641 1295 2696 mortuam
1310 2643 1342 2697 ct
1361 2656 1457 2697 eroa-

288 2762 350 2823 pac
376 2761 488 2821 corpus
515 2761 594 2802 aare
621 2733 794 2802 ureretar’.
827 2740 953 2802 nullam
979 2738 1128 2822 equidem
1157 2763 1287 2803 causam
1312 2740 1458 2803 inuenire

291 2865 422 2926 possum
437 2866 494 2906 cur
509 2845 623 2906 dehac
647 2843 844 2905 contumelia
871 2843 922 2905 bis
944 2844 1100 2906 referatur
1126 2846 1246 2909 eisdem
1266 2847 1330 2908 fere
1351 2845 1456 2907 uerbis
1510 2856 1512 2859 '
1546 2826 1550 2834 ¹

172 2980 176 2987 ·
292 2950 378 3011 intra
393 2960 460 3011 tam
474 2970 613 3030 paruum
628 2947 769 3030 spatium
782 2947 939 3030 repetitis.
969 2951 1055 3029 quod
1075 2950 1191 3014 ultimo
1214 2950 1318 3033 capite
1339 2948 1458 3033 legitur

195 3081 198 3086 ¹
292 3064 514 3137 praeterquam
530 3055 616 3133 quod
631 3052 809 3115 accuratius
822 3075 890 3114 rem
905 3065 1032 3116 enarrat
1046 3055 1145 3118 etiam
1160 3056 1306 3119 Iordanis
1322 3055 1458 3119 auctori·

193 3211 198 3218 .
293 3169 360 3221 tate
376 3168 484 3220 tutum
499 3165 558 3218 est.
590 3157 750 3238 reliquum
772 3156 873 3239 igitur
893 3169 961 3234 est,
978 3170 1015 3221 111
1030 3164 1117 3242 quod
1130 3161 1234 3243 priore
1255 3163 1326 3229 loco
1340 3161 1459 3243 legitur

294 3265 334 3326 ab
348 3284 386 3324 eo
401 3261 627 3342 interpositum
642 3263 806 3324 credamus
829 3263 886 3345 qui
908 3264 987 3346 quid
1009 3269 1191 3329 demortuo
1206 3268 1321 3329 Crasso
1335 3267 1458 3328 factum

295 3367 337 3428 sit
352 3355 462 3430 statim
477 3365 652 3428 narrationi
667 3368 706 3429 de
721 3378 822 3429 morte
839 3369 907 3431 eius
928 3370 1191 3454 subiungendum
1211 3368 1340 3452 putauit
1361 3369 1458 3452 idque

293 3469 435 3532 breuiter
448 3470 616 3533 indicauit.
642 3495 722 3554 quac
737 3474 836 3534 uerba
856 3467 912 3537 ubi
927 3471 1032 3538 deleta
1047 3487 1136 3550 sunt,
1158 3475 1192 3536 id
1207 3495 1334 3557 quoquc
1349 3496 1459 3538 conse·
1513 3477 1517 3482 ’

295 3575 442 3658 quimur‚
459 3587 496 3638 ut
511 3577 607 3660 longe
623 3576 729 3660 aptius
744 3581 901 3660 quadrent
919 3603 1000 3662 quae
1015 3584 1054 3644 de
1069 3579 1178 3644 Crassi
1192 3580 1260 3642 filio
1273 3592 1456 3643 narrantur.

381 3681 463 3744 Aliis
478 3681 556 3743 locis
571 3683 659 3745 haud
673 3683 784 3765 paucis
799 3683 893 3746 facile
907 3686 1057 3768 cognosci
1071 3696 1176 3768 potest
1197 3686 1233 3747 in
1254 3686 1362 3748 codice
1377 3684 1459 3746 anti-

297 3785 462 3866 quissimo,
474 3806 514 3848 ex
522 3807 585 3866 quo
594 3796 661 3848 tam
672 3795 701 3848 B
713 3810 810 3869 quam
820 3794 859 3851 N
866 3789 1004 3852 deriuati
1015 3801 1102 3866 sunt,
1113 3774 1271 3872 quaedam
1278 3786 1460 3871 explicandi

297 3889 401 3984 gratia
423 3888 637 3972 superscripta
661 3892 778 3968 fuisse,
811 3915 875 3974 quo
895 3894 1089 3957 factum'est
1103 3904 1140 3956 ut
1161 3903 1273 3975 postea
1287 3902 1460 3974 utrumque

295 3992 331 4054 in
347 3995 518 4056 uerborum
534 3995 678 4058 ordinem
694 4019 713 4059 a
727 3996 865 4060 librariis
880 3998 1088 4061 describendo
1109 3998 1313 4080 reciperetur.
1354 4017 1460 4058 exem·

295 4094 351 4176 pla
357 4098 577 4162 memorabilia
590 4100 636 4162 ita
643 4104 814 4165 recensebo
822 4113 860 4164 ut
869 4104 1012 4186 primum
1024 4125 1062 4166 ea
1075 4103 1216 4166 adferam
1227 4101 1285 4164 ubi
1294 4107 1333 4164 N
1336 4112 1461 4165 utrum-

296 4221 358 4280 que
374 4202 527 4281 seruauit,
545 4213 576 4266 B
590 4215 718 4269 tantum
736 4207 873 4271 alterum
887 4219 1008 4286 utrum,
1026 4218 1060 4272 et
1072 4207 1243 4291 antiquum
1260 4207 1354 4270 illum
1365 4229 1462 4290 quem

296 4307 450 4387 supposui
465 4309 607 4372 codicem
622 4317 652 4373 X
666 4311 796 4374 notabo.
831 4310 1013 4375 uidebimus
1029 4324 1138 4376 autem
1158 4323 1329 4396 utramque
1351 4313 1461 4376 lectio·

294 4429 369 4472 nem
384 4423 440 4475 aut
456 4413 642 4496 simpliciter
654 4415 807 4498 coniungi
824 4427 881 4479 aut
896 4418 1005 4480 addita
1016 4418 1174 4501 particula
1184 4427 1226 4495 ct,
1243 4441 1293 4494 oc,
1311 4419 1373 4495 ael,
1392 4426 1459 4481 cat.
