3300 5084
569 299 725 350 ¹armona
741 302 780 355 11,
797 280 896 364 9[nr,
914 281 973 364 21].
1317 281 1358 342 89

137 453 141 460 ’
203 450 288 513 tanti
303 450 366 512 uiri
380 449 679 525 late'ooncurritur,
698 449 831 512 seruitia
841 487 882 497 —-
894 470 951 532 pro
965 447 1073 530 nefas!
1093 483 1133 495 ·-
1150 458 1182 510 et
1197 451 1358 531 ergastula

166 583 168 585 ·
204 562 387 629 armantur,
412 564 445 623 et
465 553 558 616 facile
581 553 709 618 inuenit
724 554 901 617 exercitum
921 541 1103 637 imperator.
1128 552 1237 635 itaque
1252 555 1289 615 ui-
1301 577 1356 636 pa-

204 657 299 719 triam
312 679 500 740 reposcere,
530 660 616 721 unde
638 657 674 720 ui
695 658 800 736 fuerat
822 658 995 738 ex'pulsus,
1019 668 1144 741 poterat
1164 658 1268 721 uideri
1288 659 1358 722 iure
1454 721 1457 729 ,

204 785 316 846 agere,
340 763 404 826 nisi
420 786 550 827 causam
565 785 658 828 suam
673 762 809 827 saeuitia
824 775 1050 846 corrumperet.
1076 767 1132 828 'sed
1147 785 1222 828 cum
1236 764 1285 826 dis
1300 764 1357 827 ho-

165 883 179 930 5
202 869 406 952 minibusque
421 869 558 934 infestus
573 869 708 944 rediret,
731 868 841 932 statim
862 866 965 949 primo
986 868 1112 953 impetu
1126 871 1226 933 cliens
1241 881 1274 932 et
1289 871 1357 933 alu·

202 997 278 1038 mna
299 975 386 1038 urbis
410 975 503 1039 Ostia
524 977 664 1038 nefanda
686 985 791 1056 strage
813 973 974 1056 diripitur.
999 998 1075 1039 mox
1095 976 1131 1039 in
1152 977 1265 1039 urbem
1280 998 1357 1059 qua·
1379 972 1382 977 ⁴
1481 989 1485 999 '

203 1080 340 1162 druplici
362 1081 489 1164 agmine
509 1081 659 1144 intratur.
694 1079 832 1142 diuisere
851 1078 962 1161 copias
986 1081 1094 1144 Cinna
1113 1081 1237 1144 Marius
1253 1082 1357 1145 Carbo

202 1187 373 1250 Sertorius.
396 1187 450 1248 hic
465 1197 636 1270 postquam
651 1207 766 1249 manus
790 1184 893 1248 omnis
915 1186 1033 1248 Octaui
1054 1187 1189 1270 depulsa
1210 1187 1356 1250 Ianiculo

202 1302 269 1368 est,
293 1291 403 1355 statim
424 1294 465 1354 ad
487 1292 670 1376 principum
685 1294 814 1355 eaedem
830 1290 923 1373 signo
943 1277 1019 1354 dato
1040 1292 1206 1377 aliquanto
1228 1291 1356 1360 saeuius

150 1410 181 1459 10
202 1419 299 1479 quam
313 1399 368 1461 uel
388 1397 422 1459 in
444 1395 667 1461 Puniea'urbe
691 1377 844 1460 saeuitia.
877 1397 994 1460 Octaui
1016 1397 1157 1460 consulis
1181 1409 1278 1480 caput
1298 1420 1355 1482 pro

201 1488 311 1567 rostris
339 1503 528 1587 exponitur,
555 1503 692 1566 Antonii
718 1503 897 1569 consularis
921 1504 958 1563 in
983 1502 1067 1565 Mari
1093 1503 1195 1584 ipsius
1220 1502 1352 1583 mensis.

202 1611 353 1692 Caesares
369 1633 389 1672 a
403 1609 546 1674 Fimbria
567 1608 602 1672 in
624 1608 795 1692 penatibus
819 1610 975 1671 domuum
994 1616 1125 1670 suarum
1140 1608 1353 1683 trucidantur,

201 1715 308 1778 Crassi
321 1727 413 1798 pater
428 1725 460 1777 et
474 1715 562 1777 filius
577 1713 611 1775 in
634 1723 748 1776 mutuo
770 1714 851 1776 alter
872 1711 1003 1775 alterius
1025 1723 1167 1794 aspectu.
1197 1714 1356 1776 Baebium

202 1811 297 1902 atque
312 1820 536 1883 Numitorium
549 1841 606 1900 per
620 1817 763 1881 medium
783 1817 889 1880 forum
910 1816 987 1879 unci
1009 1827 1133 1880 traxere
1154 1819 1352 1881 carnificum.

149 1938 180 1987 15
202 1927 339 1989 Catulus
355 1947 387 1988 se
402 1925 487 2007 ignis
502 1925 622 1987 haustu
636 1923 776 1986 ludibrio
790 1923 934 1986 hostium
948 1924 1078 1986 ex'emit.
1096 1925 1223 1986 Merula
1237 1925 1356 1987 flamen

202 2030 306 2107 Dialis
322 2029 358 2091 in
373 2029 533 2112 Capitolio
549 2029 638 2093 Iouis
654 2029 754 2112 ipsius
770 2031 879 2092 oculos
894 2051 1053 2092 uenarum
1064 2051 1176 2092 cruore
1191 2030 1351 2114 respersit.

201 2135 382 2200 Ancharius
398 2136 468 2220 ipso
484 2136 614 2200 uidente
630 2134 734 2199 Mario
749 2136 915 2199 confossus
932 2146 997 2212 est,
1022 2137 1098 2218 qm'a
1118 2137 1250 2201 fatalem
1264 2136 1355 2200 illam

202 2241 323 2305 scilicet
338 2263 471 2305 manum
485 2263 553 2305 non
567 2252 750 2325 porrexerat
764 2241 1026 2305 salutanti.'haec
1036 2252 1086 2305 tot
1097 2253 1228 2306 senatus
1242 2243 1356 2307 funera

197 2347 286 2410 intra
297 2348 455 2413 kalendas
471 2359 503 2411 et
524 2348 597 2412 idus
613 2347 759 2412 Ianuarii
780 2347 901 2410 mensis
923 2347 1061 2429 septima
1082 2347 1139 2409 illa
1161 2347 1259 2409 Marii
1279 2369 1354 2430 pur-

149 2465 180 2514 20
201 2476 282 2536 pura
297 2454 396 2516 dedit.
421 2453 500 2536 quid
514 2453 660 2516 futmum
675 2453 756 2528 fuit,
782 2452 810 2514 si
832 2465 955 2514 annum
969 2452 1155 2514 consulatus
1170 2452 1354 2534 implesset?

179 2549 183 2554 ’
287 2559 437 2642 Scipione
464 2559 681 2639 Norbanoque
706 2557 891 2620 consulibus
916 2557 1030 2620 tertius
1052 2557 1108 2619 ille
1129 2556 1356 2619 turbo‘ciuilis

202 2663 347 2726 insaniae
362 2674 429 2727 toto
451 2663 556 2726 furore
578 2647 744 2738 deton'uit3
770 2662 888 2745 quippe
910 2685 985 2725 cum
1006 2661 1084 2724 hinc
1107 2672 1178 2725 octo
1199 2662 1354 2745 legiones,

203 2769 398 2852 quingentae
413 2769 558 2831 cohortes
574 2779 696 2831 starent
711 2768 746 2830 in
761 2768 877 2844 armis,
899 2767 975 2830 inde
997 2769 1039 2830 ab
1051 2767 1131 2830 Asia
1145 2771 1220 2830 cum
1234 2754 1356 2830 uictore
1395 2813 1397 2818 «

203 2873 458 2940 exercitu'Sulla
478 2885 672 2957 properaret.
704 2884 736 2936 et
758 2895 834 2938 sane
849 2896 924 2937 cum
945 2883 1013 2935 tam
1033 2873 1119 2936 ferus
1146 2873 1181 2936 in
1204 2873 1355 2937 Sullanos

78 2997 82 3000 ·
149 2992 181 3040 25
202 2979 325 3043 Marius
341 2979 466 3056 fuisset,
483 2989 605 3063 quanta
620 2979 756 3044 saeuitia
770 3003 851 3062 opus
866 2989 934 3042 erat
948 2988 985 3042 ut
1002 2980 1094 3042 Sulla
1108 2982 1148 3042 de
1163 2978 1268 3042 Mario
1283 2979 1355 3040 uin-
1393 3063 1396 3067 Δ

201 3085 379 3148 dicaretur?
401 3085 504 3169 primo
527 3095 606 3168 aput
626 3086 772 3168 Capuam
792 3087 852 3149 sub
873 3107 967 3148 amne
982 3086 1146 3148 Vulturno
1168 3084 1262 3166 signa
1282 3106 1356 3146 con-

201 3202 355 3266 currunt,
386 3201 419 3253 et
448 3191 559 3254 statim
589 3191 736 3254 Norbani
765 3191 857 3254 fusus
886 3189 1064 3266 exercitus,
1096 3189 1207 3252 statim
1234 3189 1355 3272 Scipio-

201 3295 251 3358 nis
267 3295 376 3379 copiae
392 3305 552 3358 ostentata
567 3318 622 3378 spe
639 3297 725 3378 pacis
741 3317 921 3378 oppressae.
948 3305 1019 3357 tum
1040 3294 1165 3359 Marius
1180 3294 1309 3358 iuuenis
1324 3306 1356 3357 et
1446 3312 1449 3316 ’

202 3400 306 3463 Carbo
322 3399 486 3474 consules,
510 3400 601 3482 quasi
623 3402 789 3483 desperata
810 3399 946 3462 uictoria
961 3421 1002 3460 ne
1016 3399 1115 3461 inulti
1136 3399 1297 3481 perirent,
1321 3400 1355 3462 in

205 3676 219 3724 2
233 3671 381 3725 exercitum
394 3673 474 3726 miser
485 3673 632 3742 imperator
642 3686 667 3726 N
678 3675 687 3744 11
700 3677 716 3724 4
729 3672 781 3726 diis
793 3685 813 3725 Β
825 3673 835 3744 1
848 3677 864 3726 6
876 3673 951 3726 urbis
963 3673 1028 3726 urbs
1040 3673 1131 3726 hostia
1141 3686 1161 3725 Β
1174 3673 1183 3744 11
1196 3674 1357 3744 quadriplici

201 3770 226 3811 N
237 3758 245 3829 11
259 3761 277 3811 11
287 3757 450 3828 principium
461 3770 481 3811 Β
494 3759 503 3828 1
519 3763 549 3810 10
563 3758 608 3811 uel
619 3757 715 3828 sm‘pn
721 3779 731 3810 .·
749 3764 785 3811 ut·
792 3771 819 3823 Β,
835 3765 884 3812 aut
894 3759 939 3829 Ν1
952 3758 1017 3810 orbe
1027 3771 1047 3810 B
1060 3759 1069 3828 11
1081 3758 1181 3828 punica
1192 3758 1280 3812 autin
1293 3759 1362 3828 cim-p

112 3911 114 3916 ⁸
203 3842 280 3897 brica
288 3842 356 3897 urbe
368 3856 393 3897 N
403 3844 412 3914 11
428 3847 458 3896 12
473 3844 599 3898 Caesares
611 3861 626 3896 a
638 3842 759 3898 Fimbria
774 3844 925 3897 Graecam:
944 3859 1051 3896 caesme
1062 3843 1168 3896 fimbria
1178 3856 1206 3908 Β,
1227 3861 1318 3897 caesar
1330 3852 1358 3897 et

203 3928 308 3982 fimbria
324 3941 349 3980 N
360 3927 368 3998 11
381 3929 566 3998 penetralibus
594 3928 727 3982 Gracus'us
740 3929 748 3998 11
768 3928 899 3982 domuum
917 3928 1030 3997 scripsi.-
1049 3919 1142 3983 domu⁵
1160 3941 1193 3994 Β,
1214 3930 1356 3982 domorum

202 4026 227 4066 N
237 4017 246 4084 11
262 4017 292 4066 13
304 4020 392 4067 nutuo
404 4027 424 4067 Β
436 4013 445 4084 11
461 4013 672 4066 14·numitorum
689 4025 715 4066 Ν
725 4013 733 4084 11
748 4017 781 4066 19
798 4013 923 4067 calendas
939 4026 965 4066 Ν
976 4013 984 4084 11
998 4014 1139 4084 septimam
1154 4015 1242 4083 11120
1262 4031 1357 4067 consu·

202 4098 265 4151 laris
284 4098 372 4168 Ν1121
394 4099 515 4152 norbano
534 4098 632 4168 quinto
647 4115 709 4152 coss
728 4097 819 4168 Ν1122
840 4098 962 4168 legiones
980 4099 1045 4162 inde
1063 4099 1230 4169 quingentae
1246 4111 1292 4151 ΒΝ
1301 4098 1310 4166 11
1324 4100 1356 4148 24

202 4182 270 4251 sylla
280 4184 343 4254 ΒΝ1
356 4183 385 4235 in
397 4182 507 4237 sillanos
519 4197 552 4248 Β,
573 4183 713 4239 insulanos
724 4183 769 4252 Ν1
782 4187 815 4236 25
828 4184 927 4236 marios
938 4195 963 4235 N
973 4183 983 4254 l
995 4184 1063 4254 sylla
1074 4196 1093 4236 Β
1106 4184 1115 4255 1
1129 4188 1162 4237 26
1173 4184 1290 4254 primum
1301 4181 1346 4248 Ν1

202 4265 453 4333 submonuisset,
469 4269 556 4323 omnis
568 4269 611 4322 del
621 4269 749 4322 Halmius
763 4269 772 4340 11
785 4273 817 4322 28
831 4269 974 4339 obpressac
985 4269 1030 4339 Ν1
1043 4270 1076 4322 29
1089 4275 1154 4338 post
1175 4269 1295 4338 perirent
1317 4281 1357 4315 ae-

203 4355 322 4419 quantur
341 4351 369 4403 in
380 4364 417 4416 N,
444 4371 513 4421 quae
528 4371 639 4422 suprcp
650 4359 692 4419 16,
707 4359 722 4406 7
744 4385 767 4392 -·
777 4373 799 4422 p
812 4358 854 4418 54,
873 4357 903 4406 16
916 4353 1013 4408 omues
1023 4360 1101 4407 crant
1113 4355 1122 4423 11
