3300 5084
505 371 651 414 arraona
669 371 693 426 1,
711 363 823 412 28--31
842 353 895 435 [11,
914 354 1049 438 12-15].
1319 356 1360 417 49

199 517 359 580 Thraciae
376 538 503 601 quoque
519 519 652 583 auxiliis
669 519 855 616 ingentibus
878 521 1025 584 ualidum
1047 532 1166 585 temere
1187 515 1360 606 temptauit

198 623 369 687 inualidus
386 634 482 707 atque
496 615 597 688 nona
620 626 704 690 ueris
726 626 875 710 reg-ibus,
901 629 957 689 sed
979 628 1020 691 ab
1040 626 1097 689 illo
1116 627 1307 711 imaginario
1329 641 1362 703 et

199 730 352 794 scaenico
367 751 441 812 rege
458 740 627 813 superatus
643 741 704 794 est.
730 734 786 794 sed
808 733 941 795 consule
962 733 1097 796 Metello
1117 733 1273 796 amissum
1287 757 1361 798 cum

200 835 330 920 legione
357 846 536 918 praetorem
562 836 749 918 plenissime
769 838 859 900 ultus
881 849 940 900 est.
979 849 1109 901 namet
1136 839 1362 928 Macedoniam

165 953 181 1003 5
203 940 364 1004 seruitute
378 937 534 1006 multauit
549 952 582 1004 et
596 944 712 1005 ducem
726 943 804 1006 belli
819 943 966 1006 deditum
988 945 1028 1006 ab
1051 964 1089 1006 eo
1114 944 1156 1006 ad
1176 967 1271 1027 quem
1286 967 1360 1009 con-

199 1047 330 1130 fugerat
345 1048 500 1111 Thraciae
524 1049 635 1130 regulo
654 1048 690 1110 in
713 1050 827 1112 urbem
841 1049 877 1110 in
891 1049 1013 1113 catenis
1034 1048 1181 1126 reduxit,
1206 1050 1267 1112 hoc
1282 1073 1360 1133 quo-

200 1174 266 1236 que
281 1152 331 1215 illi
345 1152 381 1214 in
395 1152 489 1216 malis
506 1153 573 1216 suis
596 1153 787 1237 indulgente
809 1155 940 1218 fortuna
961 1165 999 1219 ut
1020 1155 1059 1218 de
1080 1154 1118 1218 eo
1140 1154 1279 1236 populus
1294 1156 1360 1216 Ro-

200 1279 320 1320 manus
337 1258 429 1340 quasi
444 1260 483 1321 de
498 1273 572 1342 rege
588 1282 664 1324 uero
680 1259 903 1343 triumpharet.

283 1537 284 1542 ¹
373 1517 508 1578 XXXI.
534 1515 719 1580 BELLVM
735 1515 946 1579 PVNICVM
962 1492 1182 1578 TERTIVM.

148 1747 181 1796 10
203 1735 352 1798 Tertium
367 1736 533 1799 Punicum
544 1734 668 1797 bellum
683 1745 715 1797 et
737 1744 879 1815 tempore
901 1733 1057 1816 exiguum
1078 1735 1174 1814 (nam
1189 1733 1357 1815 quadrien·
1370 1757 1411 1806 11,
1429 1740 1468 1799 15

201 1841 259 1925 nio
274 1851 403 1924 raptum
418 1843 488 1922 est)
511 1849 543 1902 et
564 1839 599 1901 in
622 1839 892 1921 comparationem
907 1838 1051 1921 priorum
1066 1837 1238 1900 minimum
1252 1840 1360 1903 labore

202 1950 284 2029 (non
299 1946 387 2008 enim
402 1955 470 2014 tam
491 1966 565 2006 cum
587 1943 665 2007 uiris
687 1966 785 2027 quam
806 1965 882 2006 cum
903 1943 973 2027 ipsa
994 1945 1073 2007 urbe
1093 1954 1275 2028 pugnatum
1297 1949 1359 2027 est)

201 2063 236 2114 et
251 2053 347 2133 plane
362 2049 541 2112 maximum
556 2060 693 2113 euentu:
721 2049 839 2132 quippe
859 2051 991 2113 tandem
1006 2051 1168 2134 Carthago
1188 2051 1282 2114 finita
1297 2062 1356 2115 est.
1410 2076 1412 2083 ·

200 2155 324 2239 adquin
354 2155 382 2218 si
409 2155 480 2238 quis
506 2155 605 2220 trium
634 2167 816 2239 temporum
844 2166 1008 2220 momenta
1029 2157 1227 2234 consideret,
1254 2158 1357 2241 primo

146 2276 179 2324 15
202 2262 409 2325 commissum
424 2271 473 2325 est
496 2263 658 2326 Punicum
678 2263 820 2339 bellum,
848 2263 1055 2346 profligatum
1076 2266 1234 2340 secundo,
1264 2247 1358 2335 tertio

201 2391 279 2431 uero
294 2368 476 2431 confectum
491 2379 550 2432 est.
576 2371 633 2432 sed
646 2368 746 2431 huius
762 2391 860 2432 causa
874 2369 971 2444 belli,
994 2371 1080 2451 quod
1094 2378 1206 2432 contra
1220 2368 1356 2431 foederis

200 2474 307 2556 legem
322 2476 475 2538 aduersus
490 2474 650 2538 Numidas
667 2473 808 2556 quidem,
826 2475 882 2536 sed
896 2483 1063 2556 parassent
1078 2474 1213 2536 classem
1224 2485 1256 2536 et
1268 2496 1356 2550 exer-

202 2579 323 2640 citum
339 2580 489 2662 frequens
506 2589 615 2642 autem
630 2578 822 2642 Massinissa
842 2578 917 2640 finis
941 2576 1125 2652 territabat3
1151 2579 1207 2640 sed
1227 2578 1304 2640 huic
1320 2590 1356 2640 ut
1471 2658 1473 2663 Α

200 2687 288 2746 bono
304 2683 451 2768 socioque
467 2684 536 2768 regi
550 2685 730 2746 sanabatur.
749 2705 823 2744 cum
838 2682 976 2745 debello
992 2669 1127 2759 sederet,
1145 2685 1184 2745 de
1199 2682 1277 2745 belli
1291 2687 1356 2746 fine
1449 2689 1452 2695 '

144 2803 179 2852 20
200 2797 375 2853 tractatum
390 2799 449 2852 est.
473 2790 554 2852 Cato
569 2788 758 2871 inexpiabili
774 2787 846 2851 odio
862 2789 1032 2851 delendam
1043 2811 1111 2852 esse
1127 2790 1357 2874 Carthaginem
1430 2810 1433 2815 ’

201 2904 235 2958 et
250 2916 325 2957 cum
340 2897 378 2957 de
394 2894 457 2957 alio
473 2895 693 2957 consuleretur
707 2893 950 2978 pronuntiabat,
968 2893 1076 2978 Scipio
1091 2894 1212 2959 Nasica
1226 2919 1355 2960 seruan-

200 3004 287 3077 dam,
305 3023 346 3064 ne
361 3011 451 3063 metu
467 3001 573 3064 ablato
589 3001 733 3064 aemulae
753 3000 912 3077 luxuriari
925 3000 1062 3064 felicitas
1078 3001 1166 3065 urbis
1181 3001 1352 3084 inciperet;

200 3107 345 3175 medium
360 3117 490 3170 senatus
507 3107 623 3191 elegit,
651 3117 689 3170 ut
711 3108 941 3182 urbs‚tantum
961 3107 1032 3170 loco
1052 3118 1247 3170 moueretur.
1272 3106 1356 3169 nihil

201 3213 289 3276 enim
304 3213 477 3296 speciosius
498 3212 669 3276 uidebatur
695 3234 793 3296 quam
816 3234 885 3276 esse
906 3213 1154 3295 Carthaginem,
1186 3235 1268 3296 quae
1290 3235 1356 3276 non

147 3331 181 3381 25
204 3317 380 3381 timeretur.
405 3318 506 3402 igitur
521 3318 657 3381 Manilio
673 3319 916 3402 Censorinoque
931 3318 1118 3381 consulibus
1133 3319 1273 3400 populus
1289 3320 1354 3381 Ro-

202 3444 318 3485 manus
341 3425 509 3505 adgressus
533 3423 765 3506 Carthaginem
784 3447 841 3508 spe
861 3423 950 3508 pacis
964 3423 1084 3485 iniecta
1099 3423 1251 3487 traditam
1265 3446 1284 3485 a
1299 3444 1355 3484 uo-

203 3511 346 3589 lentibus
362 3521 497 3590 classem
512 3529 571 3591 sub
586 3529 656 3612 ipso
672 3551 725 3592 ore
741 3529 830 3592 urbis
845 3528 999 3591 incendit.
1025 3538 1095 3590 tum
1110 3528 1252 3592 euocatis
1266 3527 1354 3611 prin·

202 3632 347 3716 cipibus,
371 3632 398 3694 si
414 3632 497 3695 salui
519 3655 587 3697 esse
610 3635 733 3698 uellent
755 3645 793 3698 ut
816 3634 992 3716 migrarent
1006 3633 1146 3707 finibus,
1170 3632 1352 3715 imperauit.

207 3841 215 3888 1
232 3835 367 3890 thraeciae
381 3836 396 3887 t
408 3837 417 3907 1
431 3840 446 3889 2
459 3836 605 3902 inualidus,
620 3844 701 3908 atque
712 3838 823 3907 sarpa:
842 3837 1035 3908 inualidusque
1051 3849 1084 3901 Β,
1098 3836 1271 3906 inuitatusque
1283 3847 1308 3888 N
1318 3837 1327 3905 11
1340 3854 1357 3888 a

205 3939 246 3973 om
258 3935 277 3974 Β
290 3921 299 3992 11
312 3925 327 3972 3
341 3927 483 3992 superatus
496 3922 544 3975 sed
555 3934 581 3974 N
591 3922 599 3992 11
613 3923 707 3976 consul
719 3922 844 3976 metellus
855 3935 875 3974 Β
888 3924 896 3993 11
910 3924 967 3977 5ad
980 3924 1004 3988 b,
1018 3929 1072 3976 ata
1085 3922 1094 3993 1
1107 3921 1231 3975 ttrhacie
1243 3934 1262 3975 Β
1275 3923 1284 3993 11
1298 3928 1311 3974 7
1326 3929 1358 3974 ut

205 4007 256 4059 deo
268 4018 294 4059 N
304 4007 313 4077 11
328 4011 358 4060 10
371 4007 482 4061 tertium
495 4024 557 4059 cum
569 3995 651 4059 africa
662 4007 764 4059 bellum
775 4019 801 4060 Ν
811 4008 819 4077 11
836 4011 864 4060 11
879 4014 1015 4078 patratum
1030 4018 1056 4060 Ν
1065 4007 1074 4077 11
1088 4008 1287 4078 comparatione
1300 4020 1326 4060 N
1337 4007 1346 4076 11

205 4093 235 4142 13
255 4091 302 4144 sed
319 4092 398 4160 plane
416 4088 534 4145 martimo
551 4103 577 4144 N
587 4091 595 4160 11
609 4097 738 4144 euentum
754 4092 795 4161 Β1Ι
811 4096 842 4144 14
860 4099 941 4162 atque
957 4092 1047 4161 Ν1115
1064 4091 1194 4160 punicum
1213 4111 1255 4144 om
1267 4094 1358 4162 Ν1116
1411 4086 1414 4092 ’

204 4183 246 4228 est
264 4194 306 4227 om
317 4189 342 4228 N
353 4177 361 4246 11
377 4181 406 4229 17
426 4194 454 4229 se
466 4182 587 4247 parasset
597 4187 623 4228 N
632 4176 642 4246 11
654 4183 774 4244 parasset
787 4177 802 4228 b
815 4178 823 4247 11
840 4181 871 4230 18
883 4175 1043 4229 Massinissa
1058 4175 1170 4244 scripsi:
1188 4177 1360 4230 massinissae

205 4271 249 4310 ΒΝ
259 4261 267 4328 11
284 4263 314 4311 18
326 4261 392 4314 fines
403 4273 427 4313 N
439 4260 448 4331 11
461 4269 492 4314 ut
503 4279 545 4314 om
557 4273 582 4313 N
592 4261 601 4331 11
617 4263 647 4312 19
660 4278 722 4313 cum
733 4261 805 4314 bello
817 4275 843 4329 N
853 4264 862 4333 11
875 4261 933 4315 sine
945 4267 1062 4313 tractum
1072 4262 1116 4331 Ν1
1130 4264 1163 4314 20
1175 4261 1259 4313 hodio
1271 4273 1290 4312 Β
1303 4262 1311 4331 11
1326 4265 1356 4312 21

205 4344 279 4396 nasio
297 4356 322 4396 N
332 4344 341 4413 11
354 4349 387 4398 22
407 4347 527 4399 aemulae
547 4347 621 4400 urbis
633 4359 683 4412 ΒΝ,
699 4346 773 4400 urbis
786 4349 829 4400 dal
844 4345 1043 4400 Freinshemius
1056 4347 1065 4414 11
1079 4349 1110 4396 23
1125 4346 1208 4414 elegit
1220 4345 1295 4398 urbis
1308 4344 1323 4396 b
1336 4346 1345 4413 11

206 4430 238 4478 26
251 4426 352 4480 intecta
362 4441 386 4480 N
398 4429 406 4498 11
420 4433 452 4483 28
466 4430 625 4500 imperatum
638 4445 663 4483 N
673 4433 682 4501 11

242 4525 357 4566 rnoavs.
1144 4533 1161 4580 4
