3300 5084
310 297 350 358 30
791 316 861 360 rvnr
877 316 975 362 utoni

309 468 511 554 ingerentia.
534 467 671 532 iniectae
686 465 774 532 enim
787 464 907 532 ferreae
927 488 1043 533 manus
1064 468 1296 555 machinaeque
1316 471 1453 551 ualidae,
1477 475 1502 537 I

310 586 385 638 ante
400 585 560 637 certamen
575 575 716 636 multum
730 574 770 635 ab
785 573 879 635 hoste
894 573 1016 636 derisae
1023 621 1034 650 ,
1058 576 1222 658 coactique
1243 578 1352 641 hostes
1367 578 1458 662 quasi

311 680 346 742 in
360 679 462 741 solido
476 681 656 741 decernere.
681 677 786 740 uictor
800 698 875 759 ergo
897 687 977 758 aput
990 678 1123 760 Liparas
1143 703 1247 743 mersa
1268 693 1325 746 aut
1346 684 1458 766 fugata

309 778 453 846 hostium
467 785 568 846 classe
581 782 722 866 primum
736 781 831 844 illum
844 781 1042 845 maritimum
1057 784 1124 866 egit
1137 785 1349 868 triumphum.
1366 786 1457 850 euius

311 891 396 971 quod
420 887 576 972 gaudium
601 886 683 950 fuit!
716 907 791 950 cum
812 885 957 951 Duillius
977 887 1166 971 imperator,
1190 911 1258 952 non
1285 901 1456 953 contentus
1476 903 1491 951 5

311 993 410 1057 unius
426 993 490 1056 diei
505 993 681 1075 triumpho,
697 1014 755 1075 per
768 993 871 1070 uitam
885 1013 1025 1069 omnem,
1041 993 1099 1057 ubi
1112 1016 1132 1056 a
1145 1016 1226 1058 cena
1238 995 1355 1057 rediret
1368 1016 1457 1076 prae·

312 1100 418 1161 lucere
433 1097 558 1160 firnalia
568 1108 601 1160 et
611 1097 792 1179 praecinere
804 1096 866 1160 sibi
880 1097 975 1160 tibias
986 1097 1094 1174 iussit,
1108 1099 1199 1180 quasi
1213 1099 1330 1162 cotidie
1345 1098 1456 1161 trium-
1512 1141 1518 1150 ·

311 1203 439 1285 pharet.
464 1223 539 1284 prae
554 1212 646 1266 tanta
659 1201 756 1263 huius
771 1201 908 1264 uictoria
920 1200 994 1264 leue
1008 1204 1162 1265 damnum
1176 1203 1239 1266 fuit
1250 1204 1330 1266 alter
1344 1224 1456 1265 consu·

311 1309 381 1370 lum
402 1307 597 1388 interceptus
612 1305 715 1370 Asina
736 1305 917 1380 Cornelius,
933 1306 989 1387 qui
1004 1306 1154 1370 simulato
1173 1307 1332 1389 colloqiuo
1347 1328 1457 1369 euoca-

311 1423 365 1475 tus
382 1422 478 1492 atque
496 1410 544 1472 ita
562 1430 730 1494 oppressus
747 1409 831 1484 fuit,
849 1409 1002 1490 perfidiae
1021 1411 1165 1474 Punicae
1183 1413 1423 1474 documentum.
1478 1423 1510 1471 to

397 1514 545 1578 Calatino
571 1513 725 1576 dictatore
749 1513 814 1576 fere
840 1513 948 1575 omnia
966 1513 1125 1594 praesidia
1154 1516 1337 1576 Poenorum
1365 1513 1458 1595 Agri-

312 1628 409 1701 gento
424 1616 581 1699 Drepanis
605 1617 788 1680 Panhormo
803 1618 905 1698 Eryce
925 1616 1141 1698 Lilybaeoque
1155 1616 1304 1679 detraxit.
1322 1597 1458 1698 trepida·

312 1733 383 1784 tum
398 1732 446 1784 est
461 1723 559 1784 semel
574 1721 657 1783 circa
671 1720 949 1784 Camerinensium
963 1721 1100 1795 saltum,
1123 1722 1181 1782 sed
1199 1720 1318 1782 eximia
1338 1720 1459 1783 uirtute
1529 1712 1532 1718 ¹

313 1825 469 1909 Calpurni
484 1827 646 1888 Flammae
661 1824 783 1887 tribuni
797 1823 940 1887 militum
960 1823 1131 1886 suasimus.
1163 1823 1220 1906 qui
1239 1824 1323 1886 lecta
1337 1837 1457 1887 trecen·

313 1941 419 1993 torum
439 1951 540 1992 manu
563 1929 723 1992 insessum
748 1930 789 1990 ab
814 1928 962 1990 hostibus
983 1928 1147 1990 tumulum
1171 1927 1340 2010 occupauit
1361 1939 1457 2009 atque
1479 1941 1510 1989 15

313 2045 454 2096 moratus
469 2032 577 2093 hostes
593 2041 659 2105 est,
682 2031 760 2092 dum
774 2031 933 2093 exercitus
955 2031 1061 2117 omnis
1081 2033 1240 2094 euaderet.
1265 2053 1304 2093 ac
1323 2031 1368 2094 sic
1388 2033 1458 2113 pul-

313 2136 469 2198 cherrimo
485 2133 574 2196 exitu
589 2133 876 2215 Thermopylarum
897 2143 929 2196 et
942 2134 1105 2196 Leonidae
1120 2135 1238 2196 famam
1253 2136 1457 2217 adaequauit,

313 2239 374 2300 hoc
397 2236 561 2299 inlustrior
584 2246 712 2310 noster,
734 2238 820 2317 quod
834 2235 1032 2316 expeditioni
1053 2246 1162 2299 tantae
1183 2238 1358 2320 superfuit,
1385 2238 1461 2301 licet

314 2341 399 2403 nihil
413 2339 609 2421 inscripserit
624 2339 793 2421 sanguine.

398 2444 499 2506 Lucio
515 2443 663 2507 Cornelio
686 2443 836 2526 Scipione
857 2444 1007 2518 consule,
1030 2465 1105 2506 oum
1124 2443 1191 2506 iam
1213 2443 1326 2507 Sicilia
1346 2447 1459 2510 subur·
1479 2459 1513 2508 20

313 2551 398 2612 bana
413 2558 497 2610 esset
510 2547 624 2630 populi
638 2545 778 2618 Romani
792 2547 977 2629 prouincia,
1002 2558 1149 2629 serpente
1170 2548 1266 2611 latius
1287 2550 1373 2612 bello
1388 2551 1460 2614 sar-

314 2653 437 2716 diniam
453 2653 674 2733 adnexamque
689 2651 853 2714 Corsicam
871 2651 1011 2713 transiit.
1035 2650 1150 2714 Olbiae
1171 2651 1245 2727 hio,
1267 2652 1313 2714 ibi
1334 2653 1461 2716 Aleriae

314 2757 402 2820 urbis
418 2755 542 2818 excidio
556 2755 677 2817 incolas
693 2754 817 2830 temrit,
835 2756 977 2836 adeoque
991 2754 1080 2816 omni
1094 2765 1178 2818 terra
1192 2765 1225 2817 et
1238 2756 1320 2817 mari
1335 2759 1460 2821 Poenos

314 2859 465 2947 purgauit
480 2869 518 2920 ut
532 2859 597 2920 iam
611 2857 765 2921 uictorias
779 2858 864 2920 nihil
878 2858 943 2921 nisi
956 2857 1066 2921 Africa
1078 2858 1149 2939 ipss
1161 2869 1306 2922 restaret.

399 2965 510 3038 Marco
524 2961 626 3024 Atilio
640 2963 768 3043 Regulo
792 2964 873 3024 duce
893 2962 961 3024 iam
980 2963 1016 3023 in
1035 2962 1179 3024 Africam
1198 2963 1373 3046 nairigabat
1393 2966 1460 3027 hel·
1480 2976 1514 3026 15

313 3069 396 3142 lum.
426 3087 486 3127 nec
518 3065 685 3128 defuerant
713 3065 769 3146 qui
791 3065 861 3146 ipso
883 3065 1001 3127 Punici
1020 3065 1116 3128 maris
1136 3066 1267 3128 nomine
1289 3089 1326 3129 ac
1344 3078 1462 3131 terrore

315 3173 504 3244 deficerent,
527 3167 660 3250 insuper
679 3179 819 3250 augente
838 3168 962 3231 Nautio
976 3169 1105 3231 tribuno
1126 3180 1269 3245 metum,
1294 3171 1329 3233 in
1351 3193 1459 3253 quem,

316 3405 326 3454 1
342 3396 465 3470 feraesll
479 3399 620 3462 ualidam,
635 3399 1317 3471 aliseNlltethrgataNlltiquotBlduelliuslll
1331 3402 1457 3471 6ὀ1θΝΗ

315 3490 328 3537 1
343 3491 371 3538 et
382 3503 424 3538 om
435 3496 461 3537 N
475 3485 485 3554 ΗΗ
504 3483 637 3552 quottidie
648 3495 668 3536 Β
686 3483 696 3553 Η
715 3486 730 3536 8
742 3484 823 3536 huius
835 3502 878 3536 cm
889 3496 923 3538 Μ
939 3484 948 3553 Η
968 3483 1029 3536 leue
1040 3484 1121 3536 huius
1133 3485 1229 3553 proelii
1241 3486 1369 3541 damnum
1380 3486 1456 3554 ΒΙΝΗ

317 3573 347 3621 11
359 3585 488 3638 penormo
501 3567 532 3629 b,
552 3583 681 3634 panormo
692 3578 732 3618 IN
741 3568 750 3636 ΗΗ
763 3568 834 3619 erico
845 3579 871 3618 N
881 3567 890 3636 ΗΗ
902 3567 1055 3636 lylibeoque
1066 3580 1100 3631 B,
1114 3568 1231 3637 lilybaeo
1242 3582 1267 3620 N
1283 3570 1292 3638 ΗΗ
1311 3570 1462 3638 trepidatus

313 3666 333 3705 B
345 3653 354 3720 Η
370 3655 400 3704 13
414 3650 675 3703 circumerinensium
686 3661 712 3700 Ν
722 3649 731 3718 ΗΗ
746 3651 776 3701 14
789 3650 860 3702 lecta
870 3658 932 3703 atru
943 3668 1025 3703 manu
1035 3663 1061 3702 Ν
1076 3652 1085 3720 Η
1106 3656 1136 3704 15
1149 3654 1277 3706 infestum
1289 3659 1317 3705 et
1328 3653 1461 3704 incessum

313 3746 339 3785 Ν
355 3735 364 3802 ΗΗ
383 3734 504 3802 adeoque
515 3745 553 3784 ΙΝ
564 3733 572 3802 ΗΗ
588 3735 621 3784 16
632 3738 673 3784 est
684 3731 791 3784 addidi:
804 3751 847 3784 orn
857 3745 915 3786 MN
924 3734 933 3803 ΗΗ
946 3733 996 3785 hac
1008 3734 1071 3787 sicu
1084 3735 1093 3803 Η
1108 3739 1138 3786 17
1151 3735 1310 3787 laedonidae
1319 3747 1347 3797 Ν,
1360 3733 1461 3785 laconi-

315 3819 366 3869 dae
377 3829 393 3868 1
403 3815 412 3885 ΗΗ
428 3819 458 3867 18
470 3822 563 3868 tantae
575 3815 710 3884 superfuit
720 3821 751 3867 ut
763 3815 916 3886 superuixit
927 3822 955 3868 et
965 3817 1036 3870 nihil
1045 3830 1073 3882 N,
1087 3824 1178 3870 tantae
1190 3816 1342 3886 superuixit
1353 3823 1381 3870 et
1391 3817 1461 3869 nihil

313 3899 355 3961 1²¹,
374 3905 465 3951 tantm
476 3898 611 3967 superfuit
621 3904 649 3950 et
660 3897 730 3949 nihil
740 3898 784 3960 If,
804 3905 895 3951 tantae
907 3900 1042 3967 superfuit
1052 3907 1081 3952 et
1092 3900 1243 3968 superuixit
1257 3899 1322 3952 lieet
1332 3900 1401 3951 nihil
1411 3912 1437 3951 N
1446 3901 1456 3969 ΗΗ

316 3985 347 4036 19
359 3980 495 4050 scripserit
503 3993 529 4032 N
539 3982 548 4050 ΗΗ
562 3985 594 4034 10
607 3980 718 4033 consule
729 3980 821 4032 addidi
828 4001 838 4032 .-
856 3999 898 4034 om
908 3994 968 4036 MN
976 3983 986 4051 Η
998 3987 1028 4035 11
1042 3999 1153 4036 romana
1162 3994 1188 4034 N
1203 3983 1212 4051 ΗΗ
1231 3987 1263 4034 11
1275 3983 1461 4052 adnexamque

314 4065 339 4117 ei
352 4080 487 4116 cossuram
498 4062 596 4116 transit
605 4075 631 4115 N
646 4063 655 4132 ΗΗ
673 4063 760 4115 olbiae
772 4063 817 4116 hio
829 4064 868 4116 ibi
880 4066 948 4118 alter
967 4065 1031 4134 (alte
1044 4066 1069 4135 b)
1086 4078 1114 4129 Β,
1129 4066 1229 4118 olbiam
1247 4066 1286 4117 ibi
1304 4065 1403 4117 ateriae
1421 4064 1458 4128 [1,

314 4147 413 4200 olbiam
425 4146 464 4198 ibi
480 4145 591 4198 materie
601 4146 631 4197 1¹²
638 4184 645 4209 ‚
667 4145 754 4198 olbiae
766 4145 811 4198 hic
821 4146 938 4200 baleriae
948 4160 974 4200 N
984 4149 993 4217 ΗΗ
1005 4148 1112 4200 Aleriae
1124 4147 1281 4200 Sabacesiu.
1295 4148 1305 4217 ΗΗ
1322 4151 1354 4201 13
1368 4164 1461 4200 omnes

312 4242 337 4283 N
348 4230 357 4299 ΗΗ
370 4235 398 4281 et
409 4247 450 4280 orn
461 4241 487 4280 N
497 4229 506 4296 ΗΗ
526 4232 559 4279 14
569 4229 733 4296 repugnauit
744 4241 770 4281 N
784 4229 793 4299 Η
812 4233 846 4282 16
857 4231 968 4284 deerant
977 4243 1004 4282 N
1013 4231 1022 4300 ΗΗ
1036 4231 1082 4299 qui
1094 4231 1122 4282 in
1134 4231 1193 4300 ipso
1204 4244 1220 4282 1
1231 4232 1240 4299 ΗΗ
1252 4231 1358 4300 punicis
1369 4244 1396 4294 B,
1411 4248 1460 4300 pu·
1552 4231 1559 4238 ”

312 4315 373 4366 nico
385 4324 401 4363 Ι
411 4311 420 4381 ΗΗ
433 4316 465 4363 27
477 4311 716 4379 augenteinsuper
727 4325 750 4365 N
761 4312 770 4381 ΗΗ
783 4312 895 4366 minatio
907 4313 1049 4375 tribuiter,
1064 4313 1174 4365 tribuno
1186 4314 1293 4368 nennio
1304 4325 1330 4366 N
1340 4316 1349 4383 ΗΗ
