3300 5084
283 346 345 401 XII
601 346 604 355 '
768 356 966 401 enarrarre

285 510 423 571 eundem
439 529 507 571 esse
523 507 670 570 codicum
692 513 730 571 N
747 515 779 569 et
801 527 821 584 ς
841 509 981 582 fontem,
1008 506 1173 569 diuersum
1192 507 1233 568 ab
1248 527 1285 569 eo
1315 509 1401 570 unde
1423 517 1453 570 Β

286 614 450 677 deriuatus
471 623 529 676 est.
571 612 708 694 denique
723 612 839 675 ultimo
855 613 947 687 libro,
972 611 1029 675 ubi
1051 620 1080 674 B
1101 611 1228 689 deficit,
1253 613 1333 675 haec
1355 613 1448 691 uitia,

286 719 402 801 quibus
423 726 461 784 N
472 721 660 801 deturpatus
676 728 741 794 est,
759 718 794 780 in
809 737 830 797 ς
844 727 985 781 correcta
999 728 1076 781 sunt

419 848 441 908 p
461 831 531 902 123,
572 833 588 888 5
606 826 646 886 ad
662 825 782 903 addg:
806 847 856 887 om
870 830 908 887 N

455 937 526 1008 123,
567 937 584 991 8
601 929 756 994 uictorem
771 930 919 1014 gentium
932 930 1091 1012 populum
1104 951 1275 992 romanum
1289 950 1328 1009 ς.·
1350 931 1451 996 uicto·

600 1026 681 1099 riam
697 1036 844 1120 gentium
858 1035 971 1119 populi
985 1036 1110 1098 romani
1124 1041 1161 1098 N
1241 1089 1247 1093 .

455 1150 525 1220 123,
548 1152 584 1207 15
599 1142 777 1225 paeniteret
792 1161 834 1221 ς.·
856 1141 1032 1226 pertineret
1045 1148 1082 1204 N

456 1253 526 1325 123,
549 1258 583 1312 17
602 1271 710 1311 caesar
725 1268 763 1326 ς.·
786 1248 931 1330 gaius-N

287 1354 453 1438 dequibus
469 1377 526 1417 cur
540 1355 632 1417 aliter
646 1354 825 1418 iudicemus
837 1356 929 1417 nulla
940 1377 1038 1417 causa
1049 1364 1108 1438 est.
1124 1369 1295 1436 quaecum
1309 1353 1357 1416 ita
1371 1355 1448 1432 sint,

287 1461 422 1525 dubium
438 1483 506 1524 esse
521 1461 633 1544 nequit
654 1461 751 1544 quin,
770 1460 797 1523 si
812 1460 891 1544 quid
905 1460 941 1522 in
956 1480 976 1538 ς
989 1459 1176 1522 inueniatur
1190 1461 1275 1543 quod
1289 1460 1453 1542 probabile

289 1568 341 1644 sit,
360 1567 394 1630 id
409 1567 592 1630 coniectura
606 1578 766 1650 repertum
781 1567 856 1630 duci
872 1577 1016 1650 oporteat
1030 1588 1136 1648 neque
1150 1565 1329 1649 grauiorem
1345 1579 1452 1631 aucto-

287 1674 416 1736 ritatem
431 1675 565 1749 habeat3
591 1696 788 1758 quaequam
807 1695 911 1756 pauca
925 1673 991 1735 sint
1006 1675 1261 1736 demonstratum
1276 1683 1334 1735 est.
1366 1696 1452 1756 pror-

288 1801 342 1842 sus
365 1801 639 1869 superuacaneum
661 1779 762 1862 igitur
787 1790 856 1842 erat
876 1778 1161 1862 interpolationum
1182 1789 1278 1860 atque
1298 1779 1453 1842 uitiorum

288 1907 328 1947 ex
343 1885 411 1947 sola
431 1885 630 1948 librariorum
652 1885 858 1968 neglegentia
882 1896 1119 1968 procreatorum
1140 1884 1300 1966 farragine
1320 1885 1451 1967 scripto-

288 2005 362 2053 rem
372 2014 512 2054 onerare.
539 1993 623 2075 quod
638 1991 665 2054 si
681 1991 751 2074 quis
767 1991 802 2053 in
817 1992 963 2053 animum
977 1991 1128 2052 inducere
1148 1991 1236 2053 uolet
1258 2012 1299 2052 ex
1313 1991 1451 2075 interpo-

288 2096 363 2159 latis
378 2096 582 2178 potissimum
598 2081 760 2159 codicibus
782 2097 870 2160 Flori
891 2098 991 2159 uerba
1012 2096 1179 2159 restituere
1201 2132 1243 2143 —
1264 2107 1297 2158 et
1318 2096 1402 2160 nihil
1416 2099 1452 2160 in

287 2202 347 2264 hoc
363 2224 478 2284 genere
493 2204 725 2285 desperandum
738 2215 786 2265 est
797 2203 878 2265 -is
891 2205 978 2285 apud
989 2202 1159 2264 Dukerum
1179 2212 1290 2283 parata
1307 2201 1454 2265 inueniet
1475 2211 1478 2215 ’

289 2307 405 2390 quibus
427 2310 595 2384 abutatur,
623 2319 654 2371 et
676 2308 764 2371 facili
786 2331 882 2392 opera
897 2331 1039 2373 errorum
1053 2307 1178 2390 copiam
1194 2331 1234 2370 ex
1249 2308 1320 2372 aliis
1336 2308 1451 2373 codici-

287 2414 349 2476 bus
364 2436 480 2497 augere
494 2414 622 2497 poterit.

373 2520 462 2612 Artis
477 2519 729 2604 criticae'paullo
744 2522 909 2604 peritiores
924 2545 991 2586 non
1006 2523 1220 2598 dubitabunt,
1242 2523 1356 2597 credo,
1373 2520 1453 2604 quin

288 2625 450 2689 codicibus
465 2627 695 2696 recentioribus
710 2628 836 2692 omissis
848 2637 889 2706 Β,
903 2628 1048 2692 adhibito
1063 2628 1120 2691 ubi
1133 2628 1203 2692 fieri
1217 2638 1324 2710 potest
1334 2633 1364 2703 I,
1378 2627 1452 2688 fun-
1552 2707 1557 2714 .

288 2733 476 2794 dementum
491 2755 585 2796 uerae
600 2734 748 2797 lectionis
763 2735 981 2798 restituendae
996 2735 1164 2798 habendus
1180 2734 1232 2796 sit.
1257 2735 1314 2796 sed
1328 2733 1382 2795 uel
1397 2754 1452 2814 op

289 2836 386 2900 timus
402 2838 503 2900 codex
517 2861 584 2902 non
605 2839 748 2902 inmunis
770 2863 789 2902 a
809 2840 900 2904 uitiis
922 2851 970 2904 est
993 2863 1075 2923 quae
1096 2839 1320 2903 emendatione
1342 2849 1450 2920 egent,

257 2943 262 2950 ’
288 2943 356 3005 siue
369 2955 413 3006 'ex
427 2944 661 3026 antiquioribus
676 2945 766 3009 libris
782 2948 938 3009 translata
953 2946 1036 3022 sint,
1054 2946 1123 3009 siue
1138 2968 1178 3008 ex
1193 2944 1314 3008 librarii
1328 2943 1453 3006 incuria

287 3057 375 3111 nata.
408 3051 544 3132 adquae
560 3053 827 3133 deprehendenda
841 3063 938 3135 atque
954 3053 1097 3115 tollenda
1110 3050 1279 3134 permagni
1297 3047 1453 3112 momenti

287 3166 336 3220 est
351 3158 451 3218 codex
472 3157 600 3239 qualem
620 3161 658 3218 N
675 3157 851 3235 habemus,
869 3158 924 3240 qui
939 3180 1134 3240 quamquam
1149 3157 1184 3219 in
1199 3155 1452 3231 uniuersumin·

287 3261 382 3323 ferior
403 3243 469 3337 est,
500 3263 588 3324 haud
610 3282 713 3343 pauca
735 3274 845 3326 tamen
866 3265 935 3327 siue
959 3287 1035 3327 casu
1058 3265 1126 3328 siue
1147 3262 1269 3326 librarii
1284 3261 1454 3344 diligentia

287 3377 372 3430 recte
395 3367 512 3450 scripta
533 3368 674 3431 seruauit
698 3391 779 3451 quae
808 3370 844 3431 in
871 3378 901 3432 B
927 3381 1076 3454 corrupta
1098 3379 1220 3432 extant.
1254 3366 1368 3450 atquin
1389 3388 1452 3448 qno

286 3475 382 3537 modo
397 3474 432 3538 in
453 3474 687 3538 constituendis
709 3475 795 3538 Flori
817 3476 924 3539 uerbis
946 3478 1055 3540 codice
1076 3482 1114 3539 N
1132 3497 1210 3539 usus
1233 3473 1296 3537 sim
1317 3474 1357 3535 ad
1378 3493 1452 3554 sup-

285 3582 441 3663 plendum
456 3591 488 3644 et
503 3583 740 3644 emendandum
754 3589 783 3643 Β
802 3603 860 3663 per
879 3582 1024 3665 singulos
1044 3583 1130 3644 locos
1151 3583 1369 3643 demonstrare
1384 3579 1452 3641 lon·

286 3708 365 3767 gum
380 3698 428 3749 est
443 3697 475 3748 et
491 3687 666 3749 accuratior
690 3709 803 3770 operae
825 3709 915 3750 meae
938 3687 1167 3771 contemplatio
1189 3706 1453 3767 unumquemque

287 3791 399 3852 docere
413 3802 519 3873 potest
527 3816 536 3865 ;
554 3792 607 3852 hic
622 3802 730 3854 tamen
746 3795 903 3875 quaedam
925 3794 1018 3877 quasi
1032 3793 1139 3876 capita
1153 3804 1302 3875 tangam,
1320 3811 1402 3872 quae
1417 3790 1453 3852 in

286 3917 325 3957 ea
339 3896 525 3977 quaestione
541 3896 676 3960 alicuius
691 3900 848 3961 momenti
863 3911 951 3963 sunt.

345 4057 349 4061 .
371 4003 423 4064 Ex
438 4002 483 4066 eis
499 4025 580 4086 quae
595 4006 635 4067 de
650 4004 841 4087 cognatione
855 4005 941 4068 inter
954 4014 983 4068 Β
998 4011 1068 4068 etI
1084 4004 1249 4086 disputata
1264 4013 1342 4066 sunt
1356 4001 1453 4064 effici-

287 4117 339 4168 tur
353 4108 577 4189 grauissimam
591 4133 660 4174 esse
681 4133 791 4175 eorum
806 4111 1030 4174 auctoritatem
1050 4132 1132 4194 quae
1153 4116 1205 4172 BI
1225 4130 1386 4172 consensu
1400 4109 1452 4168 fir-

286 4221 426 4288 mantue
445 4217 500 4277 sed
515 4215 571 4279 ubi
586 4225 615 4278 Β
629 4227 660 4280 et
675 4223 698 4279 I
708 4217 792 4280 inter
806 4240 840 4281 se
852 4217 1060 4292 dissentiunt,
1078 4217 1297 4299 quaerendum
1312 4235 1389 4277 sane
1405 4222 1454 4274 est

286 4328 358 4380 uter
373 4339 450 4381 uera
471 4321 648 4384 tradiderit.
680 4323 753 4398 iam,
767 4323 803 4386 hi
824 4323 921 4406 pauci
942 4332 1056 4386 extant
1077 4320 1139 4386 loci
1165 4321 1223 4384 ubi
1244 4343 1322 4384 uera
1344 4317 1452 4394 lectio,

259 4414 262 4423 ¹
282 4445 364 4504 quae
381 4423 416 4486 in
432 4420 595 4510 Ilegitur,
612 4429 710 4494 etiam
725 4428 759 4492 in
775 4436 813 4493 N
824 4429 981 4511 reperitur
