3300 5084
689 319 885 372 runnrnrro.
1273 329 1279 339 ·
1299 317 1374 372 XXI
1410 335 1414 344 >

359 472 438 536 'B
704 485 705 490 ’
796 482 827 538 Χ
1127 483 1200 553 „N

840 592 867 621 fle
893 593 952 622 1ὩᾶΓο

208 639 294 716 pte,
335 639 531 717 6quatcnus
558 657 617 697 nec
646 645 805 716 quatenus
821 657 880 696 nec
895 636 979 697 mole
1008 647 1168 718 quatenus
1198 659 1259 699 nec
1285 659 1372 700 mare

379 739 463 802 mole
726 788 762 831 uu
858 777 864 789 ι
1042 751 1075 803 et
1091 763 1151 804 nec
1166 743 1251 804 mole

247 850 297 920 39,
314 849 353 905 23
370 846 485 908 saltem
505 846 606 930 oculis¹
645 843 759 906 saltem
775 846 876 908 oculis
1007 847 1121 908 saltem
1137 845 1191 910 uel
1205 848 1307 920 oculis

699 933 774 970 mare'

248 989 299 1060 63,
315 991 354 1046 22
371 983 405 1045 in
422 973 590 1046 sinistrum
643 981 679 1044 in
696 982 865 1049 sinistrum
914 991 930 1069 J
1006 985 1041 1046 in
1057 1008 1144 1048 mare
1159 986 1326 1068 sinistrum
1384 980 1387 984 i

234 1107 239 1112 .
746 1067 854 1110 'cimbrica
918 1112 922 1114 ,

247 1129 300 1198 89,
318 1130 355 1185 10
371 1131 408 1186 ut
437 1123 473 1186 in
494 1123 615 1206 punica
643 1121 678 1184 ul
693 1121 728 1184 in
742 1122 864 1204 punica
877 1124 972 1197 urbe<
1006 1134 1063 1188 aut
1077 1125 1113 1187 in
1125 1125 1244 1208 punica
1265 1127 1368 1188 autin

323 1251 326 1258 ⁴
375 1230 453 1290 urbe
791 1262 794 1272 ·
1039 1230 1190 1293 cimbrica
1204 1232 1282 1295 urbe

733 1335 752 1370 ,
827 1338 831 1347 ,

209 1415 265 1475 sed
279 1413 375 1495 longe
390 1413 588 1498 frequentius
604 1423 739 1497 utraque
754 1415 851 1478 lectio
866 1425 933 1478 tam
947 1415 982 1478 in
998 1424 1027 1477 B
1042 1439 1139 1498 quam
1154 1417 1190 1479 in
1205 1422 1243 1480 N
1253 1415 1370 1499 reperi-

209 1528 277 1594 tur,
304 1528 361 1580 aut
374 1519 470 1600 plane
486 1521 597 1584 eodem
612 1521 707 1582 modo
723 1520 914 1603 transcripta
935 1532 992 1585 aut
1006 1522 1121 1585 leuiter
1136 1523 1306 1585 inmutata.
1322 1545 1371 1585 sa·

208 1622 248 1686 tis
263 1619 467 1688 memorabile
490 1626 674 1708 exemplum
697 1625 807 1688 statim
822 1626 916 1688 initio
938 1627 1192 1693 animaduertere
1206 1628 1284 1690 licet
1298 1650 1321 1710 p
1338 1633 1368 1703 6,

207 1737 259 1792 27.
285 1729 343 1792 ubi
357 1752 431 1793 cum
447 1731 524 1794 olim
540 1731 694 1813 scriptum
709 1741 832 1794 extaret
851 1725 955 1794 ‘cuius
976 1735 1052 1795 dum
1067 1724 1234 1816 anqustias
1250 1734 1370 1796 Remus

207 1835 352 1918 increpat
371 1829 487 1911 saltu',
503 1836 642 1918 primum
659 1835 805 1917 increpat
818 1836 1016 1918 explicatum'
1031 1849 1079 1900 est
1101 1837 1260 1920 adscripto
1275 1839 1372 1901 uerbo

207 1941 341 2017 inridet,
360 1950 432 2002 tum
455 1940 600 2023 increpat
620 1943 705 2004 saltu
730 1942 839 2004 addito
862 1941 1039 2004 transiluit.
1071 1945 1132 2006 hoc
1147 1943 1328 2025 adsumpsit
1342 1951 1372 2006 B

207 2057 239 2108 et
254 2046 381 2129 scripsit
397 2047 487 2110 cuius
499 2042 588 2112 ‘dum
604 2045 770 2131 anqustius
785 2067 891 2109 remus
906 2046 1052 2128 t'ucreqrat
1072 2048 1158 2110 saltu
1174 2029 1367 2124 transiluit,

205 2151 288 2214 illud
303 2157 348 2228 N,
367 2151 423 2234 qui
438 2151 535 2214 etiam
550 2151 737 2235 pronomine
754 2152 863 2215 addito
876 2155 916 2216 ad
932 2163 1126 2216 structuram
1140 2153 1372 2235 expediendam

206 2257 253 2319 ita
273 2257 399 2340 scripsit
413 2252 516 2320 ‘cuius
539 2260 615 2322 dum
636 2258 755 2321 inridet
783 2260 950 2344 anqustias
977 2281 1082 2322 remus
1111 2257 1206 2340 idque
1228 2256 1374 2342 increpat

205 2356 313 2427 saltu'.
345 2365 402 2426 sed
416 2364 501 2426 nihil
517 2363 626 2447 *magis
643 2373 789 2445 apertum
805 2387 874 2426 esse
888 2374 995 2445 potest
1010 2385 1107 2445 quam
1122 2365 1208 2444 quod
1221 2385 1243 2445 p
1261 2368 1314 2439 30,'
1333 2371 1370 2426 18
1468 2385 1470 2393 ’

206 2479 307 2532 extat.
325 2470 461 2531 ibicum
477 2468 632 2550 seriptum
647 2468 761 2530 fuisset
772 2462 981 2549 ‘expeditione'
995 2476 1103 2531 tantae
1116 2460 1300 2550 superfuit,
1317 2489 1371 2528 ex-

204 2575 349 2658 plicandi
363 2574 466 2656 gratia
481 2573 627 2637 additum
642 2583 709 2634 erat
724 2572 912 2653 superuixit.
931 2572 1040 2654 itaque
1054 2571 1090 2633 in
1105 2578 1134 2632 B
1149 2581 1237 2633 extat
1248 2565 1371 2654 ‘saper-

197 2679 276 2764 fuit
289 2688 325 2742 ut
342 2679 415 2763 [hoc
431 2689 479 2742 est
494 2679 556 2762 ael]
573 2669 776 2760 superuiut't'‚
793 2676 828 2740 in
842 2684 880 2741 N
888 2671 1066 2760 ‘superfuit
1078 2685 1110 2739 et
1121 2670 1320 2758 superauit,
1336 2677 1372 2740 in

205 2784 240 2850 It
255 2792 363 2848 autem
378 2784 541 2869 superfuit
561 2794 593 2846 et
614 2783 649 2844 in
672 2783 710 2845 Ιρ
725 2783 914 2865 superuixit.
954 2783 1038 2867 quod
1059 2783 1173 2845 Florus
1194 2783 1284 2845 haud
1305 2805 1371 2846 uno

206 2895 277 2956 loco
291 2891 400 2976 posuit
415 2891 461 2954 sic
476 2912 597 2974 qaoque
618 2892 652 2972 (p
671 2896 727 2964 32,
746 2894 764 2949 4
781 2889 816 2950 cf
829 2895 887 2964 74,
908 2892 962 2969 28)
978 2888 1012 2950 id
1025 2888 1075 2950 bis
1092 2887 1250 2970 adscripto
1266 2897 1370 2952 tamen

207 2998 403 3081 explicatum
418 3005 502 3072 erat;
520 2995 628 3077 itaque
644 3017 718 3057 cum
734 3015 755 3076 p
768 3001 819 3070 21,
839 2999 875 3057 16
892 2993 925 3055 in
938 2999 991 3055 BI
1002 2995 1044 3057 sit
1057 2994 1104 3056 sic
1120 3002 1224 3057 tamen
1238 3017 1369 3078 qaoque,

207 3105 241 3167 in
256 3111 292 3168 N
305 3127 381 3168 uero
400 3102 565 3167 tamensis
580 3123 710 3185 qaoque,
728 3109 760 3162 et
780 3121 801 3181 p
822 3106 893 3176 122,
915 3108 950 3162 11
967 3106 1034 3162 BN
1043 3100 1185 3161 habeant
1205 3099 1252 3161 sic
1268 3108 1372 3163 amca

206 3231 343 3292 quoque,
361 3209 416 3271 uel
431 3210 506 3271 ordo
521 3208 692 3270 uerborum
707 3205 807 3268 suasit
822 3215 860 3267 ut
880 3204 927 3268 sic
948 3227 1068 3289 quoque
1088 3227 1283 3289 reponerem.
1317 3207 1372 3268 sed

208 3314 284 3377 satis
300 3314 360 3377 erit
375 3313 523 3396 exempla
537 3335 593 3394 per
608 3335 641 3375 se
657 3312 743 3374 clara
756 3327 920 3402 recensere

396 3504 451 3560 .Χ
634 3553 637 3558 .
839 3501 868 3554 Β
1195 3500 1233 3555 Ν

160 3595 162 3598 ’
207 3603 295 3684 pao,
311 3607 416 3696 8prue
438 3613 530 3664 tanta
558 3601 656 3665 huius
684 3621 760 3683 prae
776 3609 869 3693 tanta
880 3597 1017 3668 uictoria
1052 3620 1128 3681 prae
1159 3608 1250 3661 tanta
1274 3599 1372 3663 huius

317 3685 405 3804 ⁹312}
406 3765 423 3805 0
425 3742 453 3804 ri
454 3765 473 3804 a
487 3742 560 3820 leue
716 3701 1016 3786 leuehuiusproelii
1084 3703 1221 3823 uictoria
1231 3705 1370 3768 leuchu-

466 3843 468 3849 ·
533 3875 603 3918 pm
1084 3831 1135 3874 rus
1149 3811 1263 3893 proelii

244 3925 296 3995 31,
311 3926 328 3980 4
342 3919 541 4001 prooemium
576 3917 655 3981 belli
682 3915 786 4000 prima
810 3915 971 3999 premium
1009 3973 1015 3981 ,
1050 3917 1155 4000 prima
1181 3916 1258 3979 belli
1281 3939 1370 4000 prae-

332 4024 396 4087 fuit
411 4024 526 4088 ciuitas
715 4021 792 4108 belli
807 4022 871 4086 fuit
885 4021 1000 4085 ciuitas
1082 4021 1186 4085 mium
1206 4022 1269 4085 fuit
1291 4022 1369 4084 ciui·

405 4176 492 4224 *domus
1084 4138 1133 4191 tas

244 4240 300 4311 40,
313 4243 326 4297 1
341 4237 431 4300 sedes
448 4245 480 4300 et
496 4235 601 4318 patria
683 4237 773 4298 sedes
790 4237 903 4298 domus
915 4243 947 4296 et
959 4255 1014 4316 pa·
1053 4235 1142 4297 sedes
1159 4244 1192 4296 et
1208 4235 1321 4296 domus
1337 4243 1370 4294 et

714 4341 778 4404 tria
858 4427 863 4437 ι
1082 4338 1188 4420 patria
