3300 5084
302 340 406 396 XXVI
511 385 513 390 ,
790 353 986 412 rnsrrrrro.

303 493 533 564 domaueruot’.
573 502 628 566 sed
657 522 731 564 cum
759 501 946 566 traiectione
964 503 1073 578 locus,
1105 512 1143 566 ut
1163 503 1324 581 uidimus,
1361 509 1468 572 sanari

303 627 369 670 uon
383 607 501 690 possit,
518 605 602 668 nihil
616 606 776 690 reliquum
791 618 858 684 est,
882 620 1041 690 quantum
1055 609 1170 685 uideo,
1186 609 1251 673 nisi
1264 620 1303 673 u‘t
1316 623 1468 693 putemus

302 720 437 792 utroque
452 711 523 774 loco
539 695 695 794 quaedam
712 713 887 790 excidisse,
903 713 961 776 ubi
974 712 1041 777 iam
1054 714 1229 797 inportuna
1243 715 1300 778 illa
1313 716 1467 801 interpre-

303 825 448 878 tamenta
460 816 587 880 intrusa
601 827 688 880 sunt.
1264 898 1267 903 Α

387 922 496 998 Haec,
514 925 625 998 creda,
648 907 688 985 ad
702 921 861 987 iudicium
876 926 916 987 de
931 924 1094 988 codicibus
1109 931 1175 988 BN
1191 947 1364 1008 eorumque
1379 927 1468 990 fonte

303 1025 380 1088 satis
403 1038 527 1090 certum
546 1019 714 1112 ferendum
736 1030 915 1105 sufficient,
947 1031 1033 1092 unde
1063 1041 1132 1093 tota
1157 1031 1285 1094 criticae
1311 1032 1347 1094 in
1372 1032 1468 1096 Floro

303 1133 497 1195 exercendae
524 1133 605 1200 ratio
635 1155 791 1216 suspensa
818 1145 878 1197 est.
915 1146 1047 1218 apparet
1076 1135 1164 1198 enim
1183 1135 1220 1198 in
1240 1137 1346 1201 uerbis
1370 1115 1466 1221 scrip-

303 1235 381 1298 toris
396 1237 629 1302 constituendis
645 1247 675 1302 Β
697 1240 765 1322 (uel
778 1243 846 1320 BI)
869 1239 939 1302 eius
960 1262 1028 1305 esse
1051 1241 1249 1305 auctoritatis
1272 1252 1310 1305 ut
1329 1243 1469 1326 relinqui
1492 1316 1495 1325 Ι

305 1361 371 1404 non
391 1345 510 1406 'debeat
525 1343 588 1406 nisi
603 1344 648 1406 eis
664 1344 754 1420 locis,
768 1344 885 1427 quibus
900 1345 1046 1426 quodibi
1067 1348 1222 1409 traditum
1237 1358 1304 1424 est,
1321 1348 1420 1432 siper
1435 1372 1468 1412 sa

304 1458 481 1528 spectetur,
499 1450 696 1530 corruptelae
712 1449 928 1532 suspicionem
942 1461 1062 1512 mouet.
1088 1462 1159 1514 tum
1173 1454 1304 1516 demum
1318 1461 1357 1517 N
1372 1453 1419 1518 ita
1433 1455 1469 1520 in

304 1553 463 1618 auxilium
478 1554 627 1616 adhibere
649 1555 725 1618 licet
752 1564 789 1617 ut
810 1565 904 1617 caute
926 1555 1304 1639 circumspicias,.utrum
1326 1581 1364 1622 ea
1387 1583 1468 1642 quae

303 1657 437 1721 meliora
452 1661 574 1723 tradere
589 1660 718 1723 uidetur
733 1682 773 1722 ex
788 1659 971 1743 incorrupto
986 1662 1074 1723 fonte
1095 1664 1233 1725 deducta
1254 1663 1319 1725 sint
1327 1706 1350 1739 ,ι
1362 1686 1405 1725 an
1426 1665 1466 1728 ab

294 1762 529 1848 interpolatore
543 1766 685 1847 profecta
696 1765 764 1828 ueri
779 1765 885 1848 specie
899 1766 1025 1828 fallant.
1050 1768 1104 1830 uel
1112 1768 1159 1830 sic
1168 1778 1276 1830 tamen
1283 1769 1372 1832 haud
1386 1791 1465 1852 pau·

304 1891 356 1932 cos
368 1869 453 1934 locos
467 1881 584 1934 restare
599 1871 633 1933 in
648 1881 784 1954 utroque
800 1871 908 1934 codice
920 1871 1017 1934 etiam
1030 1871 1076 1935 eis
1090 1873 1192 1950 uitiis,
1210 1896 1291 1956 quae
1306 1896 1347 1936 ex
1357 1874 1465 1957 negle-

302 1974 413 2056 gentia
427 1976 628 2040 librariorum
645 1977 810 2051 oriuntur,
828 1988 994 2060 corruptos
1006 1971 1039 2041 et
1054 1978 1237 2041 coniectura
1251 1981 1467 2043 emendandos

304 2079 397 2142 facile
413 2083 520 2144 credet
534 2082 598 2145 nisi
613 2082 684 2165 quis
700 2081 818 2144 codicis
831 2081 968 2144 alicuius
980 2083 1094 2164 optimi
1115 2085 1255 2166 speciem
1275 2085 1337 2148 sibi
1357 2085 1466 2169 fingit,
1520 2151 1526 2158 ,

303 2207 399 2268 quem
421 2210 440 2249 a
460 2187 549 2252 uitiis
572 2188 692 2251 scilicet
714 2187 893 2249 immunem
912 2187 948 2248 in
974 2187 1122 2250 omnibus
1147 2199 1218 2251 tuto
1244 2191 1335 2272 sequi
1359 2191 1467 2266 liceat,

304 2292 574 2376 qualesnondum
588 2292 705 2375 reperti
719 2304 811 2354 sunt:
830 2291 919 2354 Flori
934 2302 1018 2354 certe
1033 2291 1169 2368 codices,
1185 2302 1251 2355 tam
1265 2302 1295 2356 B
1308 2316 1406 2376 quam
1420 2301 1466 2372 N,

304 2397 395 2461 uitiis
410 2398 565 2481 cuiusque
579 2397 703 2481 generis
718 2397 866 2479 pluribus
880 2397 1043 2479 inquinati
1055 2408 1147 2472 sunt,
1165 2419 1261 2480 quam
1276 2420 1359 2482 quae
1374 2399 1469 2462 indu-

303 2505 381 2567 stria
396 2505 554 2568 editorum
570 2503 640 2566 tolli
654 2501 829 2585 potuerint.
847 2503 928 2565 haec
934 2525 992 2585 per
1006 2525 1064 2565 sua
1078 2525 1198 2585 genera
1211 2492 1479 2568 discretarecen¹>

302 2631 381 2686 sere,
398 2618 436 2672 ut
447 2610 522 2672 inde
530 2609 721 2672 emendandi
730 2608 822 2691 quasi
833 2610 990 2691 quaedam
1000 2609 1056 2672 lex
1065 2619 1162 2697 atque
1176 2632 1288 2675 norma
1298 2608 1468 2692 perspicia·

303 2725 372 2802 tur,
395 2716 530 2797 longum
553 2724 601 2777 est
622 2736 726 2796 neque
742 2736 819 2776 uero
840 2713 1066 2778 necessarium.
1108 2716 1259 2798 pleraque
1281 2715 1369 2778 enim
1391 2696 1469 2778 talia

303 2829 390 2895 sunt,
408 2819 516 2902 qualia
530 2818 566 2881 in
581 2819 729 2882 omnibus
746 2819 952 2902 scriptoribus
968 2822 1136 2883 obseruare
1151 2820 1240 2883 licet.
1274 2841 1469 2902 quamquam

301 2946 387 2988 unus
403 2925 536 3008 quisque
551 2925 615 2987 fera
632 2925 729 2987 etiam
750 2924 784 2986 in
800 2923 892 2986 uitiis
912 2925 1065 3007 quiddam
1085 2925 1147 2987 sibi
1168 2923 1332 3007 proprium
1356 2923 1466 2986 habet.

302 3031 360 3105 ita,
376 3039 415 3092 ut
429 3031 489 3092 hoo
500 3039 588 3106 utar,
611 3031 699 3094 Flori
714 3031 839 3092 codices
854 3029 1469 3112 conpendiisscripturaemaleintellec·

303 3136 345 3198 tis
359 3158 427 3198 non
441 3136 504 3200 nisi
519 3159 590 3199 raro
606 3147 638 3199 et
660 3135 754 3198 certis
775 3136 852 3198 fere·
864 3134 1019 3217 exemplis
1041 3134 1182 3217 corrupti
1197 3144 1284 3196 sunt.
1324 3133 1475 3201 omnium.

233 3245 236 3249 ’
300 3241 670 3324 frequentissimelittera
685 3263 765 3324 quae
781 3250 831 3303 cst
847 3261 890 3316 m,
909 3263 985 3303 cum
999 3241 1119 3304 lineola
1133 3239 1334 3323 superposita
1347 3239 1468 3302 indica·

302 3358 410 3423 retur,v
419 3347 474 3410 uel
489 3347 606 3410 omissa
621 3347 675 3410 uel
689 3346 795 3430 posita
810 3367 910 3429 praue
926 3357 985 3410 est.
1003 3347 1112 3429 itaque
1126 3345 1270 3428 paenitet
1285 3346 1373 3428 quod
1384 3352 1466 3429 pst,

304 3459 322 3516 5·
337 3453 452 3535 reliqui
467 3454 501 3516 m
516 3453 632 3516 honore
639 3501 649 3530 ,
679 3474 760 3540 cum!
777 3451 890 3514 ceteris
912 3452 991 3516 locis
1005 3453 1119 3516 Florus
1135 3462 1179 3514 ‘ut
1198 3446 1343 3535 plerique
1358 3471 1469 3513 omnes

301 3558 335 3622 in
350 3559 498 3622 honorem
513 3557 675 3642 scripserit
691 3557 758 3639 cfp
776 3563 806 3632 8,
828 3564 877 3618 15.
897 3562 950 3632 64,
969 3565 1021 3619 26.
1052 3567 1216 3640 praeterea
1231 3579 1356 3640 semper
1370 3556 1468 3638 scrip·

302 3677 372 3728 tum
386 3666 485 3729 fuisse
501 3664 630 3727 uidetur
645 3685 695 3726 cos
704 3711 714 3740 ,
731 3665 818 3726 unde
834 3684 909 3724 cum
922 3663 976 3726 hic
991 3663 1059 3726 illic
1080 3663 1191 3726 comml
1209 3662 1365 3746 scriptum
1386 3671 1469 3724 esset

300 3771 515 3853 proconsule,
545 3778 602 3830 aut
624 3769 750 3831 consule
771 3791 829 3851 pro
851 3769 976 3844 comat,
1011 3768 1110 3832 etiam
1129 3765 1365 3855 nominalfalso
1391 3786 1468 3828 casu

300 3874 406 3958 posita
426 3884 513 3937 sunt.
553 3885 624 3937 tum
645 3874 836 3956 compendio
858 3875 904 3936 B·
923 3883 990 3936 tam
1010 3874 1148 3937 Romam
1168 3894 1266 3956 quam
1286 3874 1469 3934 Romanum

301 3988 449 4043 notatum
471 3979 571 4042 fuisse
593 3981 686 4042 docet
706 4002 728 4063 p
745 3985 776 4055 9,
795 3986 827 4055 9,
852 3979 909 4042 ubi
932 4001 1006 4041 cum
1027 3987 1056 4040 Β
1079 3979 1197 4041 habeat
1218 3980 1262 4041 R·
1287 3978 1323 4040 in
1344 3982 1367 4040 I
1384 3986 1469 4039 reete

301 4085 519 4168 scriptumest
539 4107 678 4161 romam,
703 4085 739 4146 in
753 4091 791 4148 N
801 4106 900 4166 praue
915 4105 1093 4148 romanum.
1133 4083 1281 4156 similiter
1297 4105 1319 4167 p
1338 4089 1410 4157 102,
1429 4087 1468 4143 30

299 4197 337 4254 N
347 4200 432 4253 recte
447 4191 544 4253 habet
555 4211 720 4266 romanam
735 4198 764 4252 Β
776 4202 925 4273 corrupte
937 4211 1054 4265 romae,
1073 4201 1186 4253 contra
1199 4213 1221 4274 p
1240 4197 1312 4265 107,
1331 4170 1370 4251 2'0
1383 4197 1469 4250 recte

197 4343 202 4354 .
299 4297 334 4358 in
348 4303 386 4361 N
397 4317 505 4359 romae
517 4297 647 4380 legitur,
665 4306 699 4358 at
714 4295 749 4358 in
765 4303 794 4358 B
808 4317 954 4358 romana.
980 4317 1076 4378 quare
1091 4317 1158 4358 non
1173 4293 1358 4378 dubitauip
1378 4299 1429 4369 19,
1447 4297 1466 4352 6

298 4405 435 4466 Romam
449 4403 558 4466 urbem
573 4413 639 4485 etp
656 4408 709 4478 87,
730 4407 767 4465 12
784 4403 983 4466 urde‘Roma
998 4423 1168 4484 reponere,
1185 4423 1259 4464 cum
1273 4400 1399 4464 codices
1414 4397 1468 4460 hic

1641 2876 1643 2903 l

1641 2911 1643 2937 l
