3300 5084
462 1396 491 1457 Ι.
509 1395 579 1457 ,ΒΕ
594 1393 787 1460 LEGIBVS
804 1393 1114 1459 GRACCHANIS.

129 1589 133 1594 ¹
217 1596 419 1662 Seditionum
434 1596 579 1660 omnium
601 1617 713 1660 causas
736 1587 909 1660 tribunicia
929 1606 1070 1686 potestas
1091 1596 1263 1672 excitauit,
1285 1603 1488 1679 quae111,13

217 1703 322 1785 specie
338 1702 467 1784 quidem
481 1702 583 1784 plebis
599 1703 757 1776 tuendae,
780 1701 872 1763 cuius
888 1701 923 1762 in
938 1701 1095 1764 auxilium
1109 1712 1292 1784 comparata
1309 1713 1369 1776 est,

218 1831 252 1870 re
281 1818 391 1870 autem
420 1806 673 1869 dominationem
703 1805 765 1868 sibi
794 1805 988 1887 adquirens,
1020 1806 1166 1868 studium
1192 1806 1305 1887 populi
1334 1827 1371 1868 ac

179 1925 193 1974 5
215 1913 359 1974 fauorem
385 1912 517 1994 agradis
543 1909 762 1975 frumentariis
778 1910 953 1973 iudiciariis
979 1910 1105 1992 legibus
1137 1912 1367 1991 aucupabatur.

216 2016 320 2078 inerat
337 2016 485 2079 omnibus
500 2015 620 2099 species
637 2015 818 2098 aequitatis.
844 2015 923 2097 quid
945 2026 1014 2078 tam
1034 2015 1157 2080 iustum
1172 2015 1259 2077 enim
1273 2036 1370 2097 quam
1424 2097 1432 2110 Ι

216 2120 355 2202 recipere
370 2122 496 2203 plebem
512 2144 570 2184 sua
585 2144 604 2183 a
617 2120 762 2203 patribus
781 2118 836 2203 [ne
847 2120 986 2203 populus
996 2120 1144 2202 gentium
1155 2120 1259 2183 uictor
1270 2120 1368 2184 orbis·

217 2246 279 2307 que
294 2245 456 2306 possessor
470 2225 603 2288 extorris
625 2225 687 2288 aris
709 2247 745 2287 ac
767 2225 846 2287 focis
869 2224 1012 2308 ageret]?
1035 2225 1113 2307 quid
1138 2235 1205 2288 tam
1231 2246 1369 2306 aequum

217 2351 314 2411 quam
328 2329 458 2413 inopem
472 2330 629 2414 populum
643 2329 754 2392 uiuere
769 2351 810 2392 ex
825 2330 945 2392 aerario
960 2329 1039 2392 suo?
1062 2330 1139 2412 quid
1154 2332 1195 2394 ad
1209 2331 1260 2392 ius
1275 2329 1369 2392 liber·

165 2446 196 2496 10
217 2434 292 2497 tatis
316 2437 499 2517 aequandae
521 2435 623 2517 magis
645 2436 757 2496 efficax
780 2457 877 2516 quam
899 2444 936 2496 ut
958 2444 1073 2496 senatu
1094 2445 1224 2516 regente
1239 2433 1369 2515 prouin-

216 2539 281 2602 cias
297 2540 417 2602 ordinis
434 2539 588 2622 equestris
605 2539 776 2601 auctoritas
793 2539 908 2601 saltem
928 2537 1120 2599 iudiciorum
1140 2547 1238 2621 regno
1253 2538 1368 2600 nitere-

215 2643 289 2706 tur?
312 2646 368 2706 sed
382 2645 462 2706 haec
477 2644 547 2726 ipsa
561 2645 595 2706 in
610 2643 785 2727 perniciem
799 2642 966 2718 redibant,
992 2652 1024 2704 et
1045 2641 1162 2705 misera
1176 2665 1225 2717 res
1240 2642 1370 2725 publica

216 2748 252 2810 in
267 2747 405 2810 exitium
420 2748 471 2811 sui
485 2771 605 2812 merces
620 2759 698 2810 erat.
716 2757 837 2810 namet
849 2757 994 2809 asenatu
1008 2747 1043 2809 in
1057 2747 1199 2830 equitem
1213 2749 1370 2811 translata

215 2853 408 2916 iudiciorum
429 2863 569 2936 potestas
591 2853 764 2936 uectigalia
785 2853 819 2914 id
841 2862 889 2914 est
909 2850 1036 2933 imperii
1049 2851 1279 2934 patrimonium
1295 2854 1368 2916 sub-

164 2970 195 3018 15
216 2957 385 3042 primebat,
404 2969 437 3021 et
449 2955 568 3040 emptio
583 2957 737 3022 frumenti
751 2956 837 3041 ipsos
853 2956 1059 3038 reipublicae
1070 2981 1186 3022 neruos
1202 2957 1368 3021 exhaurie-

213 3063 269 3125 bat
285 3063 460 3140 aerarium,
483 3075 515 3127 et
536 3064 646 3126 reduci
668 3060 759 3147 plebs
781 3063 817 3124 in
838 3083 929 3144 agros
945 3064 1031 3146 unde
1045 3072 1170 3144 poterat
1184 3064 1253 3126 sine
1268 3061 1368 3146 possi-

215 3168 361 3230 dentium
377 3168 561 3244 euersione,
584 3168 640 3251 qui
662 3169 724 3251 ipsi
746 3191 818 3251 pars
842 3166 954 3250 populi
975 3177 1084 3243 erant,
1110 3178 1142 3230 et
1162 3168 1227 3254 iam
1241 3168 1368 3231 relictas

215 3271 276 3335 sibi
292 3294 311 3334 a
325 3273 499 3336 maioribus
515 3274 604 3335 sedes
621 3284 724 3336 aetate
741 3272 833 3356 quasi
848 3273 918 3334 iure
933 3272 1161 3353 possidebant?

461 3469 509 3531 II.
536 3469 718 3532 SEDITIO
734 3469 893 3533 TIBERI
908 3467 1126 3532 GRACCHI.

65 3675 72 3694 .
163 3647 195 3697 10
217 3634 361 3698 Primam
375 3634 588 3697 certaminum
601 3635 704 3696 facem
716 3635 766 3698 Ti.
782 3636 948 3700 Gracchus
961 3637 1119 3712 accendit,
1134 3658 1251 3720 genere
1266 3637 1367 3701 forma
1379 3657 1432 3713 111,
1451 3641 1487 3698 14

216 3739 401 3822 eloquentia
416 3739 510 3801 facile
525 3739 683 3822 princeps.
710 3751 758 3803 set
772 3740 839 3815 hic,
857 3740 925 3802 siue
941 3740 1168 3803 Mancinianae
1183 3741 1367 3819 deditionis,

215 3845 292 3928 quia
306 3865 439 3927 sponsor
453 3844 588 3930 foederis
600 3845 715 3920 fuerat,
729 3843 916 3926 contagium
929 3844 1045 3909 timens
1058 3858 1090 3910 et
1105 3847 1180 3910 inde
1191 3848 1367 3929 popularis,

219 4101 229 4150 1
240 4099 458 4168 σΜοΚΑΝῐΒΝῃ
471 4095 597 4166 3ερθοίεε
604 4107 630 4148 Ν
640 4096 650 4166 11
663 4095 880 4149 ludlauoremrt
890 4098 899 4167 11
912 4101 968 4149 5a'c
977 4096 1124 4150 iudiciariis
1132 4109 1152 4149 Β
1164 4097 1173 4166 ll
1187 4099 1314 4168 lplebem
1326 4100 1369 4152 ius

217 4199 297 4234 sunm
309 4199 325 4234 a
336 4193 361 4235 Ν
372 4181 380 4251 ll
394 4185 410 4234 8
423 4181 516 4234 alocis
528 4193 548 4233 Β
560 4182 569 4251 ll
583 4185 600 4233 9
612 4180 678 4250 quid
691 4180 776 4232 satius
788 4179 921 4232 libertatis
932 4191 952 4232 Β
964 4180 973 4249 ll
995 4183 1023 4230 11
1045 4190 1183 4249 equestres
1195 4195 1214 4235 Β
1227 4182 1236 4251 ΙΙ
1248 4190 1370 4235 uteretur

215 4265 257 4333 1111
271 4267 303 4317 12
322 4266 463 4318 rediebant
479 4278 505 4318 Ν
522 4265 530 4337 ll
552 4269 583 4318 13
601 4265 713 4318 exilium
731 4264 772 4333 Bi
785 4281 865 4317 suum
881 4275 905 4315 Ν
917 4263 925 4333 ll
941 4267 972 4314 15
990 4265 1147 4318 exauriebat
1162 4268 1225 4336 ΝΝΙΙ
1240 4271 1271 4318 16
1288 4273 1316 4318 et
1328 4283 1369 4316 om

216 4359 242 4400 Ν
252 4348 261 4416 ΙΙ
277 4351 305 4400 11
320 4356 349 4401 et
360 4348 413 4400 iam
424 4348 535 4416 scepei:
548 4357 576 4402 et
587 4356 643 4402 tam
654 4359 683 4412 Β,
697 4355 725 4402 et
737 4356 858 4402 tamenn
870 4349 879 4417 ΙΙ
895 4350 925 4399 18
938 4364 955 4399 a
964 4365 1006 4400 om
1017 4360 1037 4399 Β
1049 4348 1058 4417 ΙΙ
1072 4363 1170 4416 quasa
1182 4351 1192 4420 ΙΙ
1207 4354 1368 4402 l9rrn1m11

217 4443 237 4484 Ν
250 4432 258 4501 ll
273 4444 400 4484 anteon]
411 4443 436 4482 Ν
446 4431 455 4500 ΙΙ
469 4434 501 4483 20
510 4449 603 4500 pacem
615 4445 634 4484 Β
647 4433 656 4502 ll
669 4433 710 4485 Ti.
725 4433 778 4485 add
783 4432 910 4485 eddaett:
923 4448 966 4482 om
976 4431 1040 4500 ΝΝΙΙ
1052 4435 1082 4483 21
1098 4433 1239 4486 seditionis
1252 4447 1305 4499 qua
1316 4442 1335 4481 n
1348 4431 1357 4498 [1
