3300 5084
298 309 420 366 XXXII
551 353 554 357 .
782 317 980 364 rnsnmro.

298 495 362 556 quu
377 472 411 533 in
427 469 598 552 archetypo
613 489 670 532 suo
686 466 814 530 inuenit
829 455 885 542 cu,
911 477 948 528 ut
970 467 1193 530 demonstrant
1208 475 1357 530 secuntur
1370 489 1393 550 p
1410 472 1463 545 46,

199 625 204 638 ,
299 585 352 652 20,
370 575 487 639 oblicus
502 559 593 657 p'es,
615 579 665 648 15,
690 594 777 635 eoum
793 581 830 634 ut
846 594 864 634 e
878 571 1024 655 uestigiis
1047 582 1180 655 apparet
1200 593 1222 655 p
1240 580 1279 634 74
1288 604 1299 648 ,·
1320 582 1348 636 1.
1373 573 1409 635 in
1429 595 1467 635 eo

299 682 380 744 libro
395 682 482 743 unde
497 687 527 742 Β
543 677 707 741 deriuatus
723 688 771 740 est
786 677 894 760 potius
916 698 976 759 quo
999 676 1153 759 scriptum
1172 680 1271 742 fuisse
1292 677 1370 741 inde
1392 701 1466 741 con·

300 786 409 852 eludas
432 787 517 868 quod
539 806 561 866 p
579 793 630 860 10,
650 790 688 845 30
704 804 764 866 quo
778 805 837 865 pro
852 782 937 866 quoi,
954 789 1037 863 p71,
1057 789 1096 844 26
1113 787 1263 867 quodtum
1277 807 1335 866 pro
1352 793 1466 847 cottam

299 891 397 954 habet
405 916 415 967 ;
440 871 581 953 ceterum
595 889 631 950 in
645 897 675 951 B
689 888 754 950 fere
770 911 834 971 quu
849 887 1015 963 scribitur,
1037 897 1075 949 ut
1090 889 1285 972 alloquutus,
1303 897 1464 972 sequutus,

302 1007 421 1060 etcum
436 1016 529 1077 saepe
544 995 580 1057 in
595 1015 691 1078 quum
706 1004 869 1056 mutatum
881 1003 940 1056 est.
968 989 1084 1054 eodem¹
1094 994 1233 1075 pertinet
1248 997 1333 1076 quod
1348 1002 1377 1055 Β
1391 993 1467 1056 scri-

235 1091 237 1096 *
300 1101 350 1184 bit
365 1099 535 1184 quottidie,
563 1105 602 1163 N
613 1121 688 1162 uero
704 1098 836 1174 cotidie,
865 1109 999 1181 uterque
1026 1108 1134 1160 autem
1159 1098 1347 1163 cotidianus.
1388 1098 1468 1182 quid

302 1208 388 1290 quod
402 1212 439 1270 N
450 1204 656 1288 Esquilinam
671 1203 749 1266 dicit
764 1203 956 1266 Eccilinarn.

386 1313 508 1394 Magna
522 1309 661 1372 uarietas
676 1318 771 1390 atque
785 1307 918 1371 licentia
931 1308 967 1370 in
982 1307 1174 1391 aspiratione
1189 1309 1244 1372 uel
1255 1313 1404 1392 ponenda
1415 1313 1468 1375 uel

303 1417 481 1481 omittenda
495 1415 530 1476 in
551 1421 580 1476 B
600 1413 804 1496 potissimum
827 1424 886 1476 est.
910 1398 1058 1477 Annibal
1080 1415 1248 1497 perpaucis
1271 1415 1361 1492 locis,
1388 1438 1467 1499 quos

303 1509 455 1586 adnotare
471 1541 745 1602 superuacaneum
760 1516 850 1593 duxi,
869 1516 1011 1600 exceptis
1032 1540 1157 1601 semper
1176 1519 1211 1580 in
1228 1527 1257 1581 B
1271 1521 1421 1583 scribitur
1435 1532 1468 1584 et

301 1629 410 1703 Anno,
423 1625 689 1699 sedHusdrubdl;
707 1635 801 1706 atque
817 1623 858 1684 ab
873 1623 975 1686 amieo
990 1624 1131 1706 quodam
1145 1625 1276 1688 edoctus
1285 1647 1357 1687 sum
1364 1626 1467 1687 Anni·
1483 1647 1488 1655 ⁸

302 1733 384 1796 balis
400 1743 496 1814 atque
511 1713 727 1795 Hasdrubalis
744 1727 869 1791 Punica
882 1728 1016 1790 nomina
1031 1728 1172 1792 alitteris
1185 1729 1270 1795 inter
1285 1751 1318 1792 se
1333 1730 1468 1794 diuersis

302 1837 454 1919 incipere.
479 1842 517 1899 N
527 1857 603 1898 uero
617 1832 804 1908 Hannibal,
821 1835 955 1909 Hanno,
973 1834 1169 1897 Hasdrubal
1180 1835 1289 1897 habet.
1314 1846 1351 1896 ut
1366 1857 1469 1918 pauca

303 1941 460 2027 quaedam
476 1940 622 2022 exempla
638 1939 797 2013 adferam,
821 1938 882 2000 lac
895 1961 953 2021 pro
968 1962 1005 2002 eo
1021 1941 1107 2022 quod
1123 1950 1170 2004 est
1186 1963 1224 2002 ac
1238 1939 1468 2022 saepissimime

186 2077 187 2082 ¹
303 2047 412 2111 scribit
433 2055 479 2123 B,
510 2047 597 2108 unde
617 2041 844 2128 pearata
865 2043 1043 2106 nominibus
1059 2055 1150 2108 extat
1163 2068 1220 2128 pro
1235 2046 1469 2138 aquominibus,

301 2153 358 2215 ubi
372 2158 411 2216 N
421 2152 537 2216 omisso
552 2151 624 2224 bac,
641 2150 726 2231 quod
742 2169 871 2210 sensum
886 2170 952 2210 non
967 2148 1117 2226 habebat,
1136 2151 1313 2213 nominibus
1328 2151 1465 2233 scripsit.

303 2257 385 2320 etin
400 2257 586 2320 habundare
599 2264 732 2335 uterque
744 2253 910 2315 consentit
917 2277 927 2328 ;
945 2253 1109 2337 haquino,
1127 2254 1378 2335 basperrirnum,
1396 2256 1479 2318 loo*

301 2361 408 2440 casio,
426 2361 572 2436 bodium,
591 2357 789 2441 luculentia,
808 2356 993 2421 hostendere
1006 2358 1043 2420 in
1057 2360 1125 2422 solo
1140 2368 1169 2421 Β
1183 2358 1369 2435 inuenitur,
1394 2383 1469 2424 cum

207 2495 208 2504 ¹
302 2475 340 2532 N
350 2467 478 2550 propria
493 2463 558 2549 sint
572 2463 661 2539 brea,
679 2462 807 2526 breuus.
841 2475 952 2526 contra
972 2485 1064 2528 umor
1084 2476 1168 2527 recte
1183 2474 1318 2546 uterque
1333 2465 1465 2543 habent,

303 2595 411 2636 amem
441 2583 473 2634 ct
488 2591 614 2633 umerus
629 2591 646 2630 e
662 2569 729 2631 solo
744 2574 789 2644 N,
807 2569 890 2632 sicut
904 2569 1051 2646 orribile,
1071 2591 1181 2633 orrens
1196 2591 1214 2632 e
1228 2570 1394 2662 Buscripsi.
1413 2573 1469 2635 sed

303 2687 377 2742 asro
384 2725 394 2754 ,
419 2676 539 2740 oratius
554 2683 688 2755 uterque
703 2673 801 2736 habet
808 2721 818 2751 ,
837 2675 937 2752 abuit,
954 2674 1092 2738 ereditas
1107 2683 1152 2751 B,
1165 2674 1283 2738 ‘ortari
1294 2682 1333 2740 N
1335 2701 1345 2752 3
1359 2700 1468 2740 rursus

304 2780 521 2863 conpreensis,
539 2801 700 2854 ricemeris,
720 2786 847 2855 traeret,
866 2779 990 2843 obstrui
1002 2787 1042 2855 B,
1059 2780 1094 2842 in
1109 2802 1173 2863 quo
1185 2781 1273 2843 haud
1287 2773 1357 2844 rar'c
1373 2803 1468 2864 supra

302 2883 423 2949 lineam
448 2883 649 2967 aspirationis
671 2894 748 2947 nota
765 2885 905 2948 laddita
920 2894 968 2948 est
977 2931 987 2961 ,
1015 2906 1112 2968 quam
1128 2885 1226 2948 etiam
1245 2885 1280 2947 in
1301 2887 1467 2949 quenalis

304 2991 411 3055 codice
426 2991 605 3055 Pithoeano
621 2992 732 3052 eodem
747 2993 842 3053 modo
858 2989 1041 3058 adhibitam
1054 2990 1178 3060 inueni.

389 3097 478 3160 Illud
493 3094 644 3178 uixopus
657 3105 705 3158 est
720 3118 861 3172 monere,
883 3097 952 3175 bet
966 3119 988 3160 u
1009 3096 1045 3158 in
1065 3108 1200 3179 utroque
1220 3096 1327 3159 codice
1349 3097 1466 3180 saepis·
1552 3095 1556 3099 ’

304 3201 382 3264 sime
397 3201 530 3264 intense
544 3199 674 3262 mutari.
705 3222 832 3264 summa
846 3200 1064 3265 inconstantia
1085 3212 1133 3264 est
1154 3201 1189 3264 in
1211 3201 1400 3264 adhibendis
1414 3201 1467 3290 lis

304 3306 379 3370 teris
391 3307 419 3369 d
431 3316 463 3369 et
480 3315 511 3381 t,·
540 3305 650 3388 itaque
671 3307 730 3368 sed
748 3316 845 3388 atque
867 3315 930 3383 set,
960 3309 1050 3389 apud
1062 3318 1157 3390 atque
1173 3314 1251 3388 aput
1257 3355 1267 3381 ,
1296 3307 1400 3390 adque
1414 3308 1467 3369 uel

304 3419 408 3496 atque,
427 3411 547 3494 adquin
562 3411 616 3473 uel
631 3410 742 3494 atquin
757 3450 796 3458 ——
814 3433 892 3473 nam
915 3412 1006 3496 atqrn
1023 3433 1184 3494 nusquam
1198 3411 1233 3473 in
1248 3412 1336 3474 Flcri
1351 3412 1467 3476 codici-

302 3519 363 3580 bus
380 3517 498 3600 legitur
511 3553 549 3564 -
562 3517 674 3578 eadem
687 3515 906 3579 inconstantia
920 3517 1041 3599 scripsi,
1060 3517 1107 3580 ita
1121 3517 1251 3599 quidem
1266 3527 1303 3580 ut
1318 3517 1468 3580 rariorem

303 3601 437 3684 formam
451 3620 624 3703 reciperem
638 3620 695 3683 ubi
711 3621 834 3685 codices
850 3622 1076 3705 discreparent.
1113 3625 1168 3686 sed
1183 3624 1269 3705 quod
1283 3622 1319 3683 in
1334 3629 1399 3685 BN
1411 3621 1467 3684 ali·

303 3726 450 3808 quotiens
464 3725 583 3806 legitur
598 3724 731 3806 aliquod
742 3747 799 3806 pro
815 3727 938 3810 aliquot
950 3728 1089 3809 recipere
1103 3727 1214 3803 nolui,
1242 3727 1391 3811 idemque
1413 3729 1467 3789 ad·

302 3841 413 3906 notare
429 3828 506 3890 satis
521 3827 621 3889 habui
636 3828 714 3910 quit,
734 3829 809 3893 illut
822 3852 904 3912 quae
919 3831 972 3892 hic
995 3831 1062 3893 illic
1083 3833 1237 3914 leguntur
1258 3833 1295 3895 in
1308 3840 1376 3898 BN
1386 3833 1468 3917 sicut

303 3933 386 3997 aliut
399 3932 434 3994 in
448 3939 493 4008 N,
510 3940 585 4016 quot
598 3943 630 3994 et
645 3943 756 3996 contra
771 3935 894 4019 inquid,
913 3935 1066 4019 reliquid,
1086 3937 1238 4014 simulad,
1257 3939 1363 4021 capud
1375 3937 1410 3998 in
1424 3945 1465 4012 B,

302 4038 337 4098 in
353 4058 416 4119 quo
431 4059 524 4120 saepe
539 4039 624 4120 quod
643 4038 731 4120 prius
757 4039 913 4120 scriptum
932 4052 1000 4104 erat
1022 4043 1047 4104 d
1063 4043 1118 4104 uel
1142 4051 1155 4106 t
1174 4054 1285 4124 postea
1306 4051 1468 4103 mutatum

304 4151 362 4229 est.
388 4141 580 4224 quibusdam
594 4143 672 4205 locis
687 4149 725 4206 N
734 4165 761 4225 p
778 4153 853 4206 ante
875 4167 890 4207 s
915 4147 1070 4228 scriptum
1092 4147 1235 4210 seruauit
1256 4145 1319 4218 ubi
1334 4145 1467 4226 uulgob

303 4245 398 4308 scribi
413 4247 493 4310 solet
507 4248 542 4309 in
558 4269 696 4329 enecone,
716 4271 854 4331 opressa,
875 4250 1038 4332 Opsidius,
1050 4253 1163 4334 pleps,
1182 4261 1257 4314 ante
1273 4258 1469 4313 tseruarunt

302 4356 367 4413 BN
378 4349 413 4412 in
429 4352 557 4433 optulit,
577 4353 612 4414 in
628 4352 742 4434 optrito
757 4360 786 4415 B
802 4355 901 4417 solus.
