3300 5084
294 335 334 396 26
778 356 848 400 rvnr
863 357 961 402 raom

549 505 626 569 xv.
651 493 835 571 nnuuvru
850 505 1186 572 sausnnrrnvn.
1277 583 1280 586 ,
1356 525 1361 532 κ
1459 515 1484 576 J

238 690 278 751 20
295 688 465 752 Sallentini
486 644 673 752 Picentibus
694 689 796 752 additi
817 699 983 774 caputque
997 691 1136 774 regionis
1157 694 1368 758 Brundisium
1389 694 1438 758 in-

294 793 370 856 clito
391 803 486 875 portu
507 795 555 855 M.
573 794 674 858 Atilio
690 796 780 886 duce.
806 793 895 857 etin
917 795 978 857 hoo
1000 797 1173 860 certamine
1195 797 1351 864 uictoriae
1368 823 1438 884 pre·

182 959 188 972 ,
293 897 377 962 tium
391 899 548 982 templum
563 898 624 964 sibi
638 899 778 982 pastoria
792 901 887 964 Pales
901 901 987 963 ultro
1001 902 1156 983 poposcit.

550 1121 646 1186 xvi.
670 1070 1183 1192 nannvnvonsrnrnnsn.
1417 1084 1421 1088 ’
1459 1142 1474 1189 ⁵

239 1290 281 1367 21
296 1305 454 1368 Postremi
475 1305 662 1368 Italicorum
687 1304 723 1365 in
750 1304 848 1366 fidem
878 1325 994 1366 uenere
1019 1303 1176 1392 Volsinii,
1205 1307 1439 1390 opulentissimi

295 1407 519 1489 Etruscorum,
536 1409 732 1491 inplorantes
748 1430 842 1492 opem
863 1409 1015 1471 aduersus
1037 1396 1145 1473 seruos
1168 1414 1329 1493 quondam
1351 1436 1437 1492 suos,

295 1509 351 1595 qui
365 1509 546 1578 libertatem
561 1536 580 1575 a
595 1511 732 1576 dominis
748 1497 856 1577 datam
870 1511 906 1575 in
925 1512 1010 1594 ipsos
1032 1525 1198 1578 erexerant
1220 1518 1439 1599 translataque
1461 1586 1466 1594 .

295 1617 331 1679 in
345 1640 379 1681 se
393 1641 427 1681 re
441 1619 570 1701 publica
584 1615 841 1682 dominabantur.
867 1619 922 1682 sed
942 1615 978 1680 hi
997 1640 1123 1700 quoque
1143 1621 1223 1681 duee
1237 1620 1336 1683 Fabio
1352 1622 1437 1684 Gur·

295 1722 361 1805 gite
375 1745 493 1807 poenas
509 1717 696 1790 dederunt.u
813 1723 815 1730 '
1095 1767 1101 1777 ·
1167 1806 1172 1810 .
1439 1725 1490 1810 [l]

593 1907 708 1974 XVII.
733 1907 793 1971 DE
810 1907 1141 1974 SEDITIONIBVS.

239 2081 279 2140 22
296 2077 387 2138 Haec
402 2087 450 2139 est
473 2079 613 2140 secunda
634 2087 720 2138 aetas
743 2076 856 2157 populi
878 2075 1018 2143 Romani
1039 2087 1072 2138 et
1094 2076 1185 2158 quasi
1207 2077 1436 2153 adulescentia,

288 2201 358 2262 ¹qua
370 2180 509 2260 maxime
524 2180 625 2244 uimit
645 2190 677 2242 et
699 2183 839 2262 quodam
860 2164 938 2244 flore
953 2180 1085 2244 uirtutis
1107 2181 1226 2244 exarsit
1247 2204 1284 2246 ae
1305 2182 1434 2245 ferbuit.

294 2283 401 2366 itaque
416 2284 519 2348 inerat
534 2287 689 2368 quaedam
704 2285 808 2346 adhue
823 2307 864 2346 ex
877 2285 1058 2366 pastoribus
1071 2285 1200 2362 feritas,
1217 2287 1370 2369 quiddam
1383 2289 1437 2348 ad·

293 2389 357 2450 huc
372 2379 512 2470 spirabat
533 2389 737 2451 indomitum.
761 2388 837 2451 inde
858 2398 923 2466 est,
946 2392 1031 2472 quod
1052 2390 1210 2454 exercitus
1233 2391 1435 2453 Postumium
1459 2403 1490 2452 15

293 2483 527 2575 imperatorem,
543 2493 739 2556 infitiantem
753 2515 831 2575 quas
846 2495 1033 2577 promiserat
1052 2496 1205 2578 praedas,
1226 2495 1311 2559 facta
1331 2493 1366 2556 in
1386 2516 1437 2556 ca-

235 2640 236 2643 *
294 2597 367 2660 stris
383 2598 538 2661 seditione
553 2595 710 2680 lapidauit
717 2621 727 2672 ;
746 2599 832 2680 quod
846 2601 907 2662 sub
918 2599 1026 2682 Appio
1040 2600 1176 2664 Claudio
1190 2599 1296 2662 noluit
1309 2599 1438 2661 uincere

293 2700 430 2777 hostem,
447 2723 521 2764 cum
535 2710 641 2783 posset
648 2726 658 2776 ;
684 2705 770 2784 quod
793 2706 873 2767 duce
888 2705 1047 2769 Volerone
1062 2703 1437 2784 detractantibus’pleris-

293 2825 355 2884 que
369 2804 538 2882 militiam,
561 2806 654 2868 fracti
670 2807 809 2870 consulis
824 2808 936 2871 fasces.
961 2808 1035 2870 inde
1060 2807 1250 2870 clarissimos
1265 2807 1436 2889 principes,

293 2907 378 2988 qnod
393 2907 637 2974 aduersarentur
650 2911 813 2974 uoluntati
835 2934 923 2987 suae,
939 2911 1121 2974 exulatione
1135 2910 1307 2985 multauit,
1323 2919 1361 2970 nt
1376 2911 1436 2972 Co·
1457 2920 1490 2970 20

292 3009 451 3074 riolanum
459 3015 561 3077 colere
569 3036 659 3098 agros
668 3015 948 3078 iubentem—nec
954 3015 1061 3076 minus
1068 3015 1123 3076 ille
1129 3005 1275 3076 ferociter
1286 3013 1438 3075 iniuriam

292 3115 388 3178 armis
411 3117 626 3195 uindicasset,
650 3119 713 3182 nisi
728 3119 813 3202 quod
827 3118 893 3180 iam
905 3119 1095 3181 inferentem
1109 3117 1320 3200 signafilium
1334 3128 1438 3193 mater

292 3220 426 3284 Veturia
436 3221 574 3284 lacrimis
588 3221 654 3285 suis
668 3222 845 3286 exarmauit
853 3247 863 3297 3
878 3231 916 3284 nt
923 3222 1029 3303 ipsum
1035 3222 1222 3297 Camillum,
1231 3223 1317 3304 quod
1328 3221 1437 3304 inique

291 3323 374 3387 inter
385 3326 511 3407 plebem
523 3337 555 3388 et
566 3326 742 3389 exercitum
756 3325 903 3388 diuisisse
915 3325 1085 3390 Veientem
1095 3328 1246 3409 praedam
1260 3326 1433 3388 uideretur.

292 3430 416 3494 sedhic
431 3429 583 3493 humilior
597 3430 674 3495 Veis
689 3431 725 3493 in
740 3441 834 3513 capta
847 3432 925 3495 urbe
940 3431 1109 3494 consenuit
1130 3442 1162 3494 et
1185 3454 1262 3495 mox
1277 3429 1436 3514 supplices
1457 3441 1490 3491 25

290 3706 305 3755 2
318 3703 444 3757 salentini
457 3703 500 3758 bll
512 3703 522 3775 1
535 3721 599 3758 uero
611 3699 764 3774 picentibus
774 3715 791 3754 Ι
801 3701 810 3773 11
823 3709 958 3772 caputque
970 3701 1013 3753 his
1024 3701 1182 3771 regionibus
1193 3713 1232 3754 lo·
1241 3701 1250 3771 11
1263 3702 1364 3771 inclyto
1375 3701 1433 3764 IlN,
1643 3724 1645 3812 1

290 3805 331 3839 om
343 3787 372 3839 11'
386 3787 395 3858 11
409 3792 423 3840 3
435 3795 516 3857 portu
528 3787 642 3852 atilios,
656 3793 718 3857 post
729 3787 823 3840 natilio
835 3800 852 3840 Ι
868 3787 877 3856 11
890 3794 918 3839 et
929 3803 971 3838 om
981 3797 1001 3838 Β
1020 3783 1029 3854 11
1047 3790 1062 3837 4
1081 3794 1188 3855 pastura
1198 3786 1240 3849 17¹,
1261 3792 1370 3854 pastura
1380 3784 1411 3836 ιΡ
1423 3783 1433 3852 11

291 3875 305 3922 5
318 3884 507 3925 vvnsmmnsn
518 3883 537 3925 Β
561 3871 570 3940 11
595 3873 611 3924 6
628 3870 656 3922 in
674 3870 726 3923 fide
743 3887 865 3923 mansere
882 3870 982 3923 uolsini
998 3883 1024 3922 N
1042 3870 1050 3939 1
1070 3870 1182 3923 uulsinii
1199 3882 1218 3922 Β
1238 3869 1247 3938 11
1264 3872 1279 3920 9
1292 3886 1321 3920 se
1337 3885 1366 3918 re
1377 3861 1434 3934 rep.
1629 3882 1645 3914 s

289 3967 308 4006 Β
321 3954 330 4023 11
346 3957 376 4006 12
389 3954 569 4008 adolescentia
579 3966 606 4018 Β,
622 3947 836 4010 adcurrentes
852 3954 861 4025 11
883 3957 912 4006 13
925 3955 1026 4007 exarsit
1037 3955 1087 4006 hae
1098 3955 1199 4006 ferbuit
1209 3965 1237 4016 Β,
1252 3950 1352 4006 exarsit
1364 3958 1391 4002 et
1405 3967 1436 4003 ae

289 4037 390 4090 ferbuit
404 4050 430 4090 N
446 4038 455 4107 11
475 4041 506 4090 14
519 4037 647 4108 quiddam
659 4039 778 4108 spirabat
787 4039 832 4108 1111
848 4042 879 4092 15
891 4038 1056 4115 postruniuni
1075 4037 1129 4090 brt.-
1152 4034 1336 4105 postbumium
1347 4046 1367 4087 Β
1380 4033 1389 4103 11
1405 4037 1436 4087 16

290 4122 402 4190 proedas
414 4135 433 4175 Β
446 4123 455 4192 11
470 4125 501 4174 18
513 4122 646 4176 Volerone
661 4123 855 4192 Ompinianus:
867 4123 993 4176 uelerone
1004 4133 1032 4183 Β,
1046 4119 1147 4173 ualerio
1159 4136 1259 4172 nerone
1270 4132 1295 4172 Ν
1311 4119 1320 4189 1
1333 4119 1436 4172 (letrae
1453 4178 1456 4184 ¹

290 4205 363 4258 tibus
374 4217 393 4258 Β
406 4205 414 4274 11
431 4207 460 4256 19
473 4206 536 4273 inde
549 4206 623 4274 quod
635 4207 795 4261 clarissimos
806 4220 832 4260 Ν
842 4208 850 4277 1
869 4206 993 4276 princeps
1005 4204 1020 4255 b
1038 4204 1048 4273 11
1066 4207 1096 4256 21
1112 4204 1215 4257 colores
1227 4203 1243 4255 b
1262 4204 1271 4273 11
1290 4208 1322 4256 25
1334 4203 1382 4257 sed
1394 4204 1438 4257 hic

290 4288 417 4342 humilior
434 4288 643 4342 Mommseniua:
663 4290 710 4343 sed
722 4291 787 4344 haee
799 4291 894 4345 melior
905 4302 939 4352 Β,
969 4289 1017 4342 sed
1028 4287 1073 4340 hic
1089 4287 1184 4341 melior
1194 4299 1220 4339 N
1238 4288 1247 4357 11
1266 4289 1329 4342 Veis
1348 4288 1439 4341 Seebo

291 4372 366 4425 dista:
380 4372 422 4424 uis
433 4383 461 4435 Β,
476 4390 518 4424 om
529 4384 554 4424 Ν
564 4372 573 4440 11
