3300 5084
276 320 319 379 90
425 325 428 330 ’
708 369 711 376 .
762 340 833 382 ivm
849 340 947 402 raoni

281 500 482 552 antecessum
498 488 655 570 sanguine
671 498 800 551 senatus
816 489 878 550 sibi
893 490 1124 570 parentabant,
1139 491 1334 571 obsessaque
1348 489 1438 552 curia
1503 486 1507 494 ’

281 595 327 658 sic
342 596 381 656 de
394 605 508 656 senatu
521 593 613 675 quasi
624 595 663 656 de
679 615 801 670 amoene
817 593 873 675 qui
887 594 1111 676 iugularentur
1125 594 1244 657 educti.
1278 606 1437 679 quantum
1455 598 1458 601 ’

281 700 432 762 funerum
446 699 481 761 in
496 699 580 775 foro,
598 698 632 764 in
649 698 743 775 aneo,
760 699 796 762 i1'1
809 699 1028 782 penetralibus
1044 699 1193 783 templis?
1215 722 1292 763 nam
1307 701 1438 764 Mucius

284 807 439 892 Scaeuola
464 805 612 888 pontifex
633 805 775 868 Vestalis
803 802 972 887 amplenus
993 827 1063 869 aras
1085 816 1215 869 tantum
1236 827 1304 871 non
1326 807 1438 870 eodem

283 912 358 994 igne
381 912 545 994 sepelitur.
572 911 769 993 Lamponius
791 922 887 994 atque
909 911 1096 988 Telesinus,
1121 911 1306 975 Samnitum
1325 914 1436 987 duces,
1459 926 1474 974 5

284 1016 421 1080 atrocius
438 1017 562 1099 Pyrrho
578 1027 610 1079 et
624 1017 786 1080 Annibale
801 1017 1014 1099 Campaniam
1034 1018 1260 1100 Etruriamque
1280 1019 1437 1100 populan-

203 1108 208 1117 ’
285 1135 355 1198 tur,
374 1132 405 1184 et
421 1123 481 1185 sub
497 1121 601 1204 specie
616 1122 757 1204 partium
773 1145 806 1186 se
822 1122 1002 1186 uindicant.
1026 1110 1112 1206 apud
1128 1124 1349 1206 Sacriportum
1365 1125 1438 1187 Col·

284 1229 447 1310 linamque
462 1237 587 1310 portam
602 1229 779 1291 debellatae
795 1249 905 1291 omnes
920 1228 1063 1292 hostiurn
1080 1229 1191 1312 copiae
1199 1255 1208 1305 3
1228 1230 1280 1292 ibi
1301 1229 1437 1305 Marius,

285 1333 338 1396 hio
354 1333 523 1398 Telesinus
539 1334 692 1416 oppressi.
717 1357 777 1398 nea
791 1334 879 1397 idem
895 1347 1004 1397 tamen
1018 1335 1166 1398 caedium
1179 1337 1253 1417 qui.
1265 1335 1344 1398 belli
1365 1334 1440 1397 finis

285 1439 359 1503 fuit.
378 1439 481 1502 stricti
496 1439 584 1502 enim
599 1449 631 1502 et
646 1438 680 1501 in
691 1461 769 1522 pace
781 1415 894 1524 gladii,
912 1440 1235 1524 animaduersumque
1249 1441 1285 1504 in
1301 1463 1366 1516 eos,
1384 1439 1440 1522 qui
1462 1453 1494 1501 10

287 1567 320 1609 se
336 1556 449 1628 sponte
465 1545 664 1608 dediderant.
689 1546 797 1608 minus
814 1557 882 1621 est,
905 1549 991 1628 quod
1007 1558 1086 1629 aput
1102 1546 1338 1631 Sacriportum,
1362 1556 1441 1628 aput

288 1651 451 1715 Collinam
481 1651 687 1734 septuaginta
718 1651 857 1738 amplius
890 1653 983 1714 milia
1010 1653 1103 1716 Sulla
1128 1652 1283 1715 concidit:
1318 1653 1442 1714 ballum
1519 1679 1525 1688 ·

288 1767 366 1820 erat.
398 1767 550 1839 quattuor
570 1756 661 1820 milia
682 1757 864 1820 deditorum
885 1756 1060 1821 inermium
1080 1759 1203 1821 oinium
1223 1758 1259 1820 in
1281 1757 1361 1820 uilla
1381 1779 1441 1839 pn-

287 1862 373 1925 blioa
386 1861 525 1926 interfici
538 1863 650 1938 iussit:
675 1863 731 1926 isti
752 1873 800 1926 tot
821 1863 857 1925 in
872 1883 950 1946 paee
965 1885 1030 1926 non
1054 1865 1163 1947 plures
1183 1863 1277 1928 sunt?
1300 1863 1372 1946 quis
1387 1885 1442 1925 au·

289 1980 355 2031 tem
370 1969 443 2033 illos
458 1979 564 2052 potest
579 1979 770 2051 conputare,
794 1991 874 2052 quos
889 1968 925 2032 in
939 1972 1018 2033 urbe
1033 1971 1154 2053 passim
1169 1970 1314 2053 quisquis
1335 1969 1442 2033 uoluit
1465 1983 1492 2030 15

289 2073 424 2137 oceidit?
451 2077 552 2137 donec
579 2077 772 2138 admonente
794 2075 927 2146 Fufidio
933 2121 943 2150 ,
971 2075 1082 2138 uiuere
1105 2076 1229 2157 aliquos
1251 2075 1389 2152 debere,
1407 2086 1445 2138 ut

290 2189 397 2242 essent
430 2179 547 2261 quibus
570 2179 757 2262 imperaret,
786 2180 949 2263 proposita
969 2191 1018 2243 est
1038 2181 1154 2264 ingens
1181 2182 1239 2243 illa
1260 2183 1390 2257 tabula,
1412 2187 1447 2243 et

290 2307 331 2347 ex
352 2285 422 2368 ipso
440 2285 599 2369 equestris
621 2286 740 2349 ordinis
763 2288 842 2350 flore
863 2309 900 2349 ac
921 2298 1036 2350 senatu
1059 2285 1235 2349 duomilia
1256 2286 1367 2360 electi,
1390 2285 1446 2367 qui
1569 2369 1575 2378 ι

290 2390 371 2454 mori
386 2390 588 2456 iuberentur:
603 2392 683 2454 noui
693 2392 819 2475 generis
831 2393 983 2456 edietum.
1005 2393 1224 2474 longum-post
1237 2391 1318 2453 haee
1331 2391 1446 2453 referre
1519 2456 1521 2458 ,

291 2495 429 2559 ludibrio
445 2497 556 2561 habita
570 2499 638 2562 fata
653 2498 828 2574 Carbonis,
845 2499 913 2562 fata
928 2497 1060 2574 Sorani,
1079 2498 1256 2562 Plaetorios
1271 2506 1368 2578 atque
1381 2497 1445 2558 Ve·
1466 2507 1500 2557 20

292 2601 435 2679 nuleios,
457 2604 614 2667 Baebium
640 2603 709 2666 sine
731 2605 813 2666 ferro
835 2605 902 2667 ritu
921 2605 1061 2668 ferarum
1075 2604 1160 2667 inter
1173 2625 1289 2666 manus
1303 2601 1446 2665 lancina-

236 2749 240 2760 ι
292 2719 375 2784 tum,
393 2709 547 2786 Marium,
565 2709 655 2772 ducis
671 2709 772 2792 ipsius
788 2710 931 2785 fratrem,
948 2721 1028 2793 aput
1043 2711 1154 2776 Caudi
1175 2711 1359 2794 sepulerum
1374 2729 1449 2770 oeu-

292 2813 332 2876 lis
349 2813 486 2889 effossis',
503 2814 653 2877 manibus
669 2814 879 2896 cruribusque
902 2813 1039 2878 effraetis
1060 2826 1226 2878 seruatum
1247 2813 1448 2898 aliquandiu,

292 2927 329 2980 ut
344 2939 404 3000 per
416 2917 545 2999 singula
558 2919 702 2981 membra
721 2930 908 2981 moreretur.
933 2921 1036 3002 possis
1058 2919 1260 3001 singulorum
1280 2900 1450 2982 hominum

291 3023 525 3104 ferre‘poanas:
551 3021 728 3103 municipia
750 3022 865 3084 Italiae
881 3023 1141 3104 splendidissima
1155 3025 1216 3085 sub
1230 3023 1326 3084 hasta
1338 3020 1448 3082 uenie-
1467 3032 1501 3099 25

292 3137 369 3189 runt
385 3127 566 3210 Spoletium
581 3125 817 3191 Interamnium
835 3129 1008 3190 Praeneste
1021 3112 1196 3190 Florentia.
1229 3147 1306 3188 nam
1322 3126 1450 3189 Sulmo·

293 3255 387 3308 nem,
411 3243 507 3299 uetus
529 3232 683 3316 oppidum
709 3232 832 3296 socium
854 3243 950 3316 atque
972 3231 1113 3294 annuum
1136 3270 1174 3280 -
1195 3231 1322 3295 facinus
1343 3231 1449 3314 indig-

226 3665 227 3670 ,
295 3627 311 3676 2
325 3631 455 3692 quantum
469 3622 498 3675 id
509 3623 636 3677 funerum
647 3635 681 3686 Β,
698 3624 764 3693 quid
781 3637 806 3677 Ν
817 3624 826 3693 11
841 3621 897 3676 'aid
909 3621 980 3674 circo
992 3632 1012 3672 Β
1024 3618 1034 3687 11
1046 3620 1232 3688 penetralibus
1243 3619 1342 3688 sampsi
1349 3640 1358 3670 .·
1378 3619 1452 3689 peni-

296 3707 417 3763 tentibus
428 3720 461 3771 Β,
476 3708 633 3778 patentibus
649 3708 695 3784 1111
708 3725 771 3762 nam
789 3727 852 3762 eum
869 3707 976 3760 mucius
987 3706 1032 3775 Nl
1044 3705 1147 3760 mutius
1158 3720 1178 3760 Β
1191 3708 1200 3776 11
1213 3711 1230 3759 4
1242 3706 1360 3760 nestalas
1379 3704 1424 3772 Nl
1438 3708 1453 3756 5

295 3792 437 3861 sepellitur
449 3805 468 3844 Β
481 3793 490 3862 1
503 3793 591 3846 lucius
603 3793 745 3862 amponius
757 3807 777 3862 Β
790 3792 798 3862 11
812 3792 1008 3861 seruamque
1026 3802 1046 3843 Β
1058 3790 1068 3861 1
1082 3795 1096 3842 7
1116 3792 1206 3861 specie
1222 3791 1336 3861 parium.
1346 3788 1451 3860 parium

295 3877 533 3931 sauindicandos
546 3879 554 3948 11
568 3877 709 3932 uindieant
720 3897 770 3932 neo
782 3879 856 3948 opud
866 3878 912 3947 111
925 3880 941 3930 9
952 3894 987 3929 ne
998 3885 1018 3930 Β
1037 3875 1046 3945 1
1059 3875 1132 3937 bello
1142 3888 1163 3928 Β
1173 3875 1183 3943 11
1205 3879 1235 3928 10
1255 3881 1283 3927 et
1302 3891 1350 3926 aar
1360 3886 1380 3925 Β
1396 3871 1406 3940 1
1422 3874 1450 3922 11

247 3979 253 4030 j
296 3971 394 4032 sponte
403 3951 448 4014 ‘me
462 3962 622 4015 dediderant
633 3952 652 4015 Β
665 3962 674 4032 11
690 3965 721 4016 12
734 3962 808 4016 milia
819 3962 935 4032 amplius
946 3973 966 4015 Β
978 3962 989 4031 11
1001 3960 1070 4031 sylla
1080 3973 1100 4012 Β
1113 3961 1123 4030 11
1138 3965 1168 4015 13
1180 3959 1285 4012 milium
1297 3972 1318 4011 Β
1330 3958 1339 4027 11
1354 3961 1386 4010 lt
1398 3957 1453 4024 Fu·

298 4047 363 4102 fidio
373 4044 521 4100 Dukerus:
534 4047 641 4100 forfidio
651 4059 679 4112 Β,
694 4047 853 4118 furfidioNtl
867 4047 985 4116 aliquos
998 4046 1007 4115 1
1022 4050 1052 4098 11
1065 4045 1228 4116 imperarent
1238 4044 1283 4112 111
1300 4047 1331 4095 18
1344 4057 1452 4112 seques·

295 4132 332 4185 tri
349 4131 395 4201 Nl}
407 4149 437 4184 aa
451 4131 576 4185 -1eleoti
588 4145 661 4185 omn
674 4131 682 4202 11
698 4135 729 4184 19
741 4131 862 4184 edictum
880 4132 957 4201 piget
974 4137 1037 4200 post
1053 4141 1079 4184 N
1095 4131 1105 4200 11
1123 4130 1193 4182 ferra
1208 4141 1229 4181 Β
1246 4130 1255 4199 1
1276 4132 1309 4182 21)
1322 4127 1452 4197 abitattl

298 4217 369 4270 faeta
381 4216 419 4268 bis
430 4228 450 4268 Β
463 4217 472 4286 11
485 4217 633 4286 plaetorius
644 4230 673 4282 Β,
687 4216 837 4286 praetorios
847 4229 873 4269 Β
883 4217 893 4286 11
905 4216 1049 4270 uenulains
1064 4224 1085 4269 Β
1098 4215 1106 4284 1
1127 4217 1157 4266 21
1175 4212 1340 4267 laniatuma
1352 4213 1362 4284 1
1375 4216 1407 4266 23
1420 4213 1458 4266 ef-

298 4300 378 4353 fossis
396 4317 439 4352 om
455 4312 481 4356 1(
491 4300 504 4370 11
513 4301 629 4354 defossis
640 4314 665 4354 N
676 4303 685 4372 1
697 4301 864 4370 aliquamdiu
876 4309 906 4355 et
915 4302 961 4372 111
973 4305 1008 4354 24
1017 4299 1116 4370 potitis
1125 4299 1171 4369 111
1183 4301 1223 4350 25
1232 4299 1290 4352 fers
1302 4300 1398 4370 poenis
1409 4299 1454 4369 111

299 4390 359 4436 usta
369 4395 414 4437 ΒΝ
423 4383 433 4452 11
446 4387 479 4436 26
492 4377 670 4440 interranium
682 4399 702 4439 Β
715 4386 724 4456 11
737 4382 865 4439 florentii
876 4399 895 4439 Β
908 4386 917 4456 1
930 4403 993 4438 nam
1005 4385 1049 4438 det
1059 4384 1089 4437 is
1098 4397 1119 4438 Β
1128 4387 1144 4436 2
1161 4402 1243 4438 mauu
1256 4384 1265 4453 1
1278 4385 1404 4439 sulmone
1412 4395 1438 4437 Ν
1448 4383 1457 4453 1
