3300 5084
690 307 887 352 1111111110.
1080 345 1085 353 .
1307 295 1381 351 XLI

214 435 576 542 111111111011109111111
600 455 720 540 legitur
741 466 888 521 accurate
909 457 1103 534 adscribam,
1125 457 1190 521 nisi
1217 460 1304 542 quod
1325 481 1378 524 eos

212 567 299 629 locos
315 565 469 662 adnotare
484 561 589 639 omisi,
608 562 725 645 quibus
740 585 757 626 e
772 573 805 626 et
819 587 858 626 ae
872 562 957 626 inter
972 587 1005 628 se
1020 573 1270 628 commutantur.

357 787 395 848 P·
414 783 564 847 ANNII·
582 782 731 847 FLORI·
754 784 1005 850 VIRGILIVS·
1024 785 1223 849 ORATOR·
1240 784 1304 848 AN

707 920 802 993 poeta
816 910 942 994 incipit.
1372 924 1375 928 ’

226 1113 230 1123 ’
278 1083 429 1181 C'apienti
448 1096 530 1159 mihi
553 1096 695 1179 quietem
716 1095 751 1158 in
777 1098 899 1180 templo
925 1108 958 1161 et
979 1098 1125 1162 saucium
1138 1097 1253 1182 uigilia
1273 1100 1379 1180 capud

275 1204 487 1288 plurimarum
515 1203 665 1266 arborum
686 1203 897 1281 amoenitate,
929 1204 1113 1289 euriporum
1133 1204 1268 1287 frigore,
1297 1201 1378 1269 aeris

255 1322 269 1370 5
282 1309 429 1373 libertate
445 1307 601 1371 recreanti
616 1306 746 1371 obuiam
761 1310 868 1372 subito
880 1310 1011 1392 quidam
1025 1311 1125 1387 fuere,
1143 1332 1223 1393 quos
1239 1310 1279 1371 ab
1289 1308 1378 1372 urbis
1466 1367 1469 1372 .

274 1415 455 1498 spectaculo
466 1406 632 1476 Baeticam
643 1425 839 1479 reuertentes
854 1415 983 1479 sinister
996 1415 1123 1478 Africae
1137 1424 1255 1478 uentus
1270 1414 1305 1478 in
1317 1415 1379 1478 hoc

275 1521 353 1583 litus
369 1516 561 1583 excusserat.
594 1542 729 1603 quorum
745 1543 848 1597 unus,
871 1521 922 1584 uir
937 1532 974 1584 ut
987 1531 1099 1604 postea
1114 1520 1263 1603 apparuit
1277 1520 1378 1584 literis

273 1627 494 1716 pereruditus,
519 1627 624 1690 subito
647 1629 688 1689 ad
701 1650 753 1690 me
769 1628 923 1690 conuenit
937 1636 969 1688 et
981 1619 1093 1689 ‘salue’
1109 1625 1223 1708 inquid
1233 1620 1374 1708 ‘hospes

274 1731 338 1796 nisi
351 1733 522 1795 molestum
537 1741 603 1808 est,
628 1732 680 1794 dic
700 1755 819 1795 nomen
842 1743 936 1794 tuum
941 1756 949 1806 3
979 1754 1056 1794 nam
1076 1731 1183 1793 nescio
1198 1731 1277 1813 quid
1292 1732 1378 1795 oculi

234 1837 340 1900 lornei
356 1847 542 1900 ammonent
565 1847 597 1898 et
611 1824 703 1919 quasi
722 1859 779 1920 per
798 1837 952 1899 nubilum
973 1846 1005 1899 te
1026 1827 1241 1918 recognosco'
1273 1830 1377 1903 ‘Quid

274 1935 376 2006 istici'
392 1943 536 2026 inquam.
566 1936 712 2004 ‘Florum
727 1943 838 2019 uides,
855 1942 989 2004 sortasse
1003 1950 1036 2004 et
1051 1941 1208 2018 audieris,
1226 1941 1253 2004 si
1269 1951 1378 2004 tamen

274 2048 310 2109 in
332 2049 388 2111 illo
410 2048 494 2110 orbis
522 2057 677 2110 terrarum
705 2049 918 2111 conciliabulo
945 2049 1005 2112 sub
1025 2046 1213 2110 Domitiano
1232 2047 1376 2131 principe

272 2153 400 2216 crimini
414 2163 523 2216 nostro
539 2147 695 2216 adfuisti.'
719 2165 752 2217 et
767 2155 919 2219 Baeticus
932 2139 1024 2217 ‘tune
1036 2145 1078 2225 esf
1094 2153 1210 2236 inquid
1221 2148 1277 2216 ‘ex
1290 2153 1375 2217 Afri-

270 2281 328 2335 ca,
347 2281 442 2342 quem
462 2282 586 2322 summo
609 2281 767 2323 consensu
790 2258 1016 2344 poposcimus?
1038 2259 1143 2321 inuito
1155 2259 1285 2341 quidem
1297 2261 1376 2322 Cae-

232 2377 264 2426 15
277 2386 345 2427 sare
367 2375 400 2427 et
425 2365 609 2440 resistente,
642 2387 707 2428 non
731 2368 816 2447 quod
843 2365 903 2428 tibi
927 2386 1026 2446 puero
1047 2363 1227 2439 inuideret,
1252 2366 1309 2425 sed
1334 2386 1376 2426 ne

273 2469 383 2532 Africa
398 2491 548 2532 coronam
562 2470 674 2552 magni
689 2470 778 2548 Iouis
794 2461 990 2552 attingeret’
1006 2489 1174 2550 quaecum
1188 2490 1240 2530 me
1250 2467 1376 2533 uideret
1471 2506 1474 2512 ,

272 2575 453 2636 uerecunde
469 2583 714 2656 agnoscentem,
732 2573 766 2634 in
782 2575 968 2655 amplexum
983 2573 1157 2634 effunditur
1172 2582 1205 2635 et
1216 2564 1311 2635 ‘ama'
1327 2572 1376 2635 in·

227 2675 229 2680 ’
274 2677 352 2761 quid
363 2671 476 2762 ‘igitur
494 2679 653 2741 fautorem
668 2670 784 2740 tuum?
812 2673 939 2761 tquidni
955 2670 1099 2741 ameml'
1120 2688 1153 2741 et
1166 2701 1266 2742 manu
1281 2681 1375 2745 alter-

254 2779 383 2849 utrum
402 2793 548 2848 tenentes
576 2783 760 2874 auidissima
785 2774 970 2847 nascentem
995 2782 1169 2847 amicitiam
1194 2784 1376 2849 foederaba-

229 2901 262 2952 20
274 2912 359 2966 mus,
376 2913 450 2953 cum
465 2891 519 2954 ille
531 2890 662 2953 interim
672 2889 764 2952 breui
775 2888 947 2952 interuallo
962 2911 1040 2959 usus
1052 2885 1188 2974 ‘etquid
1200 2883 1246 2954 tu',
1261 2891 1376 2975 inquid

268 2991 350 3060 ‘tam
365 2988 422 3058 diu·
436 2996 472 3059 in
487 2997 548 3071 hac
562 2995 748 3079 prouincia?
772 3017 832 3058 nec
847 2994 883 3056 in
897 3005 1040 3061 nostram
1054 2995 1220 3060 Baeticam
1234 2997 1374 3060 excurris

270 3125 328 3166 nec
343 3104 455 3165 urbem
470 3102 561 3165 illam
575 3102 701 3178 reuisis,
719 3101 776 3164 ubi
791 3123 902 3164 uersus
919 3101 968 3164 tui
983 3124 1002 3163 a
1015 3101 1187 3164 lectoribus
1199 3101 1375 3164 concinun-

271 3218 324 3296 tur
338 3218 369 3272 et
385 3208 419 3270 in
434 3208 501 3270 foro
517 3207 606 3270 omni
620 3206 815 3270 clarissimus
838 3205 894 3268 illa
909 3209 948 3270 de
963 3207 1067 3288 Dacia
1087 3207 1269 3290 triumphus
1283 3208 1374 3270 exul·

270 3313 335 3376 tati
360 3310 492 3395 potesne
508 3335 582 3375 cum
596 3314 657 3375 hoc
673 3311 828 3396 singulari
843 3311 976 3393 ingenio
999 3322 1152 3394 tantaque
1173 3322 1288 3374 natura
1302 3334 1374 3394 pro-

227 3403 445 3480 25'uincialem
459 3418 616 3479 latebram
629 3416 720 3499 pati?
742 3416 827 3478 nihil
841 3426 873 3478 te
888 3416 1002 3478 caritas
1017 3416 1122 3492 urbis,
1139 3416 1223 3478 nihil
1237 3417 1292 3477 ille
1308 3415 1374 3478 uic·

269 3531 320 3584 tor
334 3521 480 3604 gentium
493 3521 633 3603 populus
641 3567 650 3596 ,
669 3520 753 3582 nihil
769 3530 899 3599 senatus
914 3521 1042 3583 mouet?
1064 3521 1148 3582 nihil
1163 3520 1301 3603 denique
1316 3521 1375 3584 lux

271 3637 303 3690 et
316 3627 423 3709 fulgor
437 3625 539 3688 felicis
554 3625 669 3708 inperi,
683 3625 740 3708 qui
754 3626 789 3688 in
801 3647 836 3687 se
847 3625 931 3707 rapit
946 3635 1042 3708 atque
1057 3624 1215 3687 conuertit
1229 3626 1375 3690 omnium

248 3734 376 3796 'oculos
398 3726 568 3794 hominum
591 3753 628 3794 ac
650 3715 815 3794 deoruml’
847 3740 943 3814 atque
975 3752 1033 3814 ego
1060 3730 1148 3793 uarie
1168 3733 1373 3815 perturbatus

272 4039 418 4108 aquietem
429 4039 483 4091 aaa
494 4038 655 4108 scannia
668 4038 677 4109 fl
691 4042 705 4090 5
719 4039 788 4092 aera
807 4039 966 4092 suabsna
979 4025 1141 4107 antonius
1153 4038 1192 4109 uc
1211 4038 1324 4107 anian
1340 4041 1370 4091 io

180 4137 183 4143 ·
271 4128 299 4174 te
310 4123 364 4175 add
383 4123 544 4192 Schopenias
557 4126 565 4194 ΙΙ
581 4128 612 4178 12
631 4124 781 4178 domiciano
795 4125 803 4194 11
819 4129 851 4177 13
871 4124 962 4176 affiica
974 4124 983 4193 11
1005 4127 1037 4174 16
1054 4123 1148 4176 Africa
1166 4139 1292 4175 coronam
1309 4122 1371 4174 Rit-

271 4207 400 4260 schelius:
418 4208 508 4262 affrice
521 4227 620 4264 corona
632 4209 641 4278 ll
657 4211 687 4261 18
701 4227 811 4262 manum
825 4209 834 4278 ῙΙ
849 4208 1036 4262 ltamiciciam
1050 4207 1059 4277 l
1073 4211 1105 4259 21
1118 4215 1230 4277 potesne
1239 4226 1280 4256 ιιι
1292 4207 1371 4258 codex

214 4325 220 4362 7
270 4290 299 4342 in
311 4305 361 4359 quo
372 4291 500 4360 scriptum
513 4299 572 4346 erat
587 4295 639 4348 hoc
653 4293 662 4364 ΙΙ
675 4298 707 4348 25
718 4295 808 4347 uictor
820 4293 875 4346 add
884 4292 1056 4357 Ritaclwlius,
1070 4291 1197 4365 in‘codt'ce
1208 4292 1263 4344 aas
1276 4279 1333 4341 loeo
1341 4295 1370 4341 te

271 4389 376 4427 aarum
389 4380 429 4428 eet
440 4375 449 4446 ΙΙ
463 4379 494 4430 26
508 4379 634 4447 gencium
647 4367 663 4448 11
1265 4389 1270 4394 “
