3300 5084
272 361 393 418 xnnn
481 326 484 329 ’
756 369 954 444 palarmo.
1058 404 1062 412 ,

338 535 466 606 temque
481 543 586 585 meam
601 542 676 584 cum
690 513 828 584 fortunis
849 531 882 584 et
907 519 1019 584 ceteris
1038 520 1127 584 uitae
1149 521 1312 584 laboribus
1333 523 1439 585 confe-

337 630 422 694 renti
437 630 569 691 tandem
590 626 763 709 aliquando
783 625 968 710 pulcritudo
985 617 1129 709 'suscepti
1152 627 1255 710 operis
1278 627 1437 710 appamit.

338 735 417 799 scire
433 733 465 795 te
485 749 559 817 ergo
580 753 668 795 nunc
689 741 813 814 oportet
834 732 960 794 nullam
981 733 1085 796 maius
1105 734 1292 815 praedium,
1316 734 1442 796 nullam

336 840 611 925 procurationem,
627 838 757 900 nullum
771 839 926 901 honorem
940 839 1069 900 decerni
1084 849 1224 921 quantus
1241 839 1294 902 hic
1310 840 1352 902 sit
1366 863 1439 903 nos·

338 951 405 1010 trae
419 943 635 1030 professionis.
667 965 783 1027 nempe
799 944 827 1006 si
840 943 922 1007 mihi
936 943 1096 1007 maximus
1111 944 1272 1028 inperator
1286 945 1388 1008 uitem
1403 946 1437 1008 id
1453 963 1468 1011 5

338 1062 386 1117 est
401 1063 532 1116 centum
546 1049 692 1112 homines
704 1051 860 1132 regendos
872 1049 1066 1127 tradidisset,
1081 1073 1146 1112 non
1158 1051 1325 1114 mediocris
1337 1051 1440 1114 honor

338 1159 469 1222 habitus
485 1156 566 1220 mihi
581 1156 742 1218 uideretur
750 1179 760 1230 ;
778 1150 857 1217 cedo
872 1155 899 1218 si
914 1156 1159 1238 praefecturam,
1176 1156 1204 1219 si
1219 1157 1436 1221 tribunatum:

338 1285 456 1347 nempe
469 1264 556 1326 idem
570 1263 691 1337 honos,
714 1261 779 1324 nisi
799 1263 885 1344 quod
906 1282 1026 1324 merces
1050 1262 1195 1344 amplior.
1236 1262 1264 1324 si
1285 1285 1359 1346 ergo
1374 1286 1441 1326 non

339 1372 469 1446 Cacsar,
488 1370 543 1434 sed
558 1369 702 1432 Fortuna
715 1367 776 1429 hoc
798 1388 901 1449 genus
925 1367 1073 1430 stationis
1098 1367 1241 1433 iniunxit
1262 1368 1311 1431 uti
1332 1357 1440 1453 pueris

337 1475 488 1558 ingenuis
504 1484 598 1556 atque
614 1471 756 1535 honestis
770 1473 1002 1555 praesiderem,
1027 1495 1136 1536 nonne
1152 1473 1211 1536 tibi
1225 1475 1374 1557 pulcrum
1389 1475 1437 1537 ui·
1451 1493 1483 1542 10

336 1584 412 1644 deor
441 1590 537 1664 atque
563 1577 780 1661 magnificum*
798 1588 988 1640 consecutus
1002 1578 1161 1641 officium?
1192 1601 1310 1661 quaeso
1336 1581 1436 1658 enim,
1510 1665 1516 1672 ι

335 1686 467 1770 propius
482 1685 626 1760 intuere,
651 1693 761 1745 utrum
780 1682 973 1765 praeclarius
995 1682 1037 1745 sit
1059 1683 1214 1765 sagulatis
1236 1707 1278 1747 an
1293 1698 1438 1768 praetex-

239 1787 242 1791 ’
338 1792 413 1855 tatis
436 1789 601 1874 inperare?
623 1789 765 1853 barbaris
786 1789 986 1868 efferatisque
1005 1788 1187 1870 pectoribus
1203 1813 1245 1852 an
1259 1791 1391 1854 mitibus
1407 1804 1440 1855 et

337 1896 498 1960 innoxiis?
526 1897 610 1958 bone
630 1894 771 1977 Iupiter,
804 1915 901 1976 quam
922 1893 1170 1976 inperatorium,
1203 1919 1299 1978 quam
1313 1897 1439 1980 regium

336 2013 384 2066 est
400 2005 507 2065 sedere
522 2023 541 2063 a
557 2010 710 2082 suggestu
724 1999 973 2081 praecipientem
987 2000 1088 2060 bonos
1104 2021 1206 2063 mores
1222 2011 1254 2064 et
1276 2017 1440 2066 sacrarum
1450 2020 1481 2070 15

336 2105 444 2170 studia
463 2105 661 2178 litterarum,
699 2102 765 2164 iam
796 2103 940 2164 carmina
970 2102 1207 2186 praelegentem
1237 2108 1354 2189 quibus
1384 2132 1439 2173 ora

335 2220 521 2292 mentesque
532 2210 711 2271 formantur
718 2256 728 2284 ,
743 2206 808 2268 iam
820 2206 986 2270 sententiis
998 2209 1097 2271 uariis
1108 2232 1221 2274 sensus
1230 2207 1437 2292 excitantem,

336 2317 402 2378 iam
417 2313 571 2397 exemplis
587 2335 672 2379 rosa*

182 2605 188 2618 .
272 2525 360 2598 Quid
375 2529 414 2591 de
429 2527 490 2590 hoc
505 2528 684 2610 fragmento
700 2527 908 2590 statuendum
929 2525 971 2589 sit
992 2527 1081 2588 haud
1102 2528 1196 2589 facile
1216 2528 1315 2591 dicas.
1347 2552 1438 2613 prae-

270 2635 426 2699 fationem
454 2633 714 2697 declamatoriam
745 2642 830 2695 recte
861 2631 1031 2714 agnouisse
1063 2633 1192 2696 uidetur
1214 2634 1436 2717 'Schopenius,

270 2764 367 2825 quam
388 2739 582 2803 carniinibus
605 2761 629 2804 a.
647 2739 740 2801 Floro
762 2737 970 2820 praemissam
992 2729 1103 2820 putat.v
1130 2741 1216 2822 quod
1238 2761 1313 2828 cum
1332 2762 1437 2823 perse

270 2855 451 2930 spectatum
466 2843 543 2907 satis
564 2837 707 2925 placeat,
731 2844 840 2906 nescio
862 2854 971 2906 tamen
992 2866 1034 2905 an
1056 2844 1145 2906 tituli
1160 2847 1259 2907 uerba
1282 2845 1437 2929 Virgilius

270 2960 379 3015 orator
394 2973 436 3012 on
451 2957 548 3032 poeta
568 2948 617 3010 ita
632 2959 836 3022 contemnere
851 2951 1022 3012 debeamus
1042 2959 1080 3012 ut
1102 2971 1121 3011 a
1142 2949 1324 3033 Schopenio
1340 2961 1436 3034 atque

269 3051 447 3116 Ritschelio
462 3054 584 3116 factum
599 3063 659 3116 est.
683 3053 718 3116 in
731 3063 822 3116 tanto
830 3054 937 3117 studio
953 3056 1039 3137 quod
1054 3077 1072 3117 a
1086 3056 1303 3138 grammaticis
1319 3066 1351 3118 et
1365 3057 1435 3120 rhe-

247 3191 250 3196 ·
270 3157 391 3220 toribus
406 3157 440 3218 in
457 3158 601 3241 Vergilio
612 3160 790 3241 ponebatur
802 3158 872 3222 fieri
885 3160 1027 3243 potuisse
1038 3156 1131 3223 credo
1144 3171 1181 3223 ut
1196 3161 1310 3244 aliquis
1325 3184 1436 3243 quaes·

270 3261 391 3325 tionem
405 3262 600 3340 institueret,
618 3265 897 3348 utrumVergilius
914 3275 1018 3328 orator
1033 3289 1075 3328 an
1089 3272 1183 3349 poeta
1197 3266 1364 3330 habendus
1380 3267 1433 3344 sit,

198 3425 201 3430 ,
269 3368 353 3431 sicut
368 3368 549 3450 quaesitum
569 3391 638 3432 esse
653 3370 789 3446 scimus,
807 3373 959 3434 Lucanus
974 3383 1084 3435 utrum
1097 3372 1268 3435 historicus
1283 3395 1326 3434 an
1340 3384 1437 3456 poeta

268 3473 321 3536 sit.
354 3476 486 3538 decebat
494 3486 609 3538 autem
633 3476 707 3540 talis
731 3477 876 3559 quaestio
897 3477 1061 3541 hominem
1083 3477 1311 3540 scholasticum
1331 3479 1435 3561 qualis

162 3633 163 3638 ,
267 3577 330 3640 fuit
342 3580 468 3656 Florus,
482 3591 515 3643 et
525 3581 632 3665 potuit
644 3605 721 3645 sane
733 3583 802 3645 eius
817 3582 905 3645 modi
920 3580 1104 3665 paradoxon
1120 3581 1198 3645 satis
1210 3584 1435 3647 declamatorie

268 3685 425 3746 exornari.
465 3687 752 3751 declamationibus
775 3699 885 3750 autem
907 3687 1120 3770 praefationes
1135 3689 1339 3770 praemittere
1354 3690 1434 3764 sole-

266 3788 346 3850 bant
359 3788 517 3866 rhetoreS,
541 3791 577 3861 in
597 3793 714 3875 quibus
738 3795 777 3855 de
793 3815 825 3855 se
842 3791 971 3874 suisque
986 3792 1080 3854 rebus
1095 3804 1280 3870 narrarent,
1303 3804 1336 3856 et
1350 3795 1435 3857 hanc

267 3891 497 3973 praefationem
512 3905 538 3957 'a
558 3897 652 3961 Floro
675 3900 814 3962 Romam
837 3899 953 3959 reduce
976 3919 1013 3959 eo
1034 3897 1168 3961 consilio
1194 3899 1345 3981 scriptam
1365 3920 1434 3961 esse

269 3995 441 4058 uerisimile
457 4010 557 4064 estut
573 4023 606 4064 se
613 4003 769 4067 Romanis
784 4002 818 4064 in
827 4002 1014 4066 memoriam
1021 4014 1195 4066 reuocaret.
1214 4005 1270 4066 sed
1277 4002 1434 4086 quidquid

337 4250 351 4298 3
364 4247 451 4301 maius
466 4251 609 4306 Oeblems:
622 4255 709 4325 magis
730 4255 738 4326 11
757 4258 772 4306 4
785 4254 1005 4325 procuracionem
1018 4253 1027 4323 1
1046 4257 1061 4305 5
1075 4253 1212 4324 inperator
1224 4254 1309 4310 uitem
1320 4257 1433 4326 compsi:

335 4329 457 4400 inputem
469 4333 478 4404 11
492 4340 507 4389 9
521 4338 647 4392 stacionis
661 4339 670 4410 11
685 4343 716 4392 10
729 4339 824 4392 uideor
836 4339 890 4392 cdd
904 4337 1066 4392 aasentias
1078 4337 1088 4408 l
1108 4341 1139 4390 15
1159 4338 1189 4391 in
1207 4349 1339 4410 suggestu
1352 4343 1434 4398 Scho-

331 4413 427 4482 pcm’ui
440 4418 449 4489 11
464 4424 494 4473 ll
507 4423 651 4477 sentenciis
664 4423 674 4495 l
687 4423 850 4477 excitantem
862 4422 1036 4476 Ritecbclius:
1055 4422 1209 4478 excitantur
1222 4423 1231 4494 1
