3300 5084
608 340 949 428 ι1111101111,13[181.
1051 314 1057 321 ι
1331 345 1371 406 23

183 511 208 572 Ι
225 521 352 591 tempus
374 507 553 590 elephantis
575 507 656 570 mari
676 508 859 576 terrauiris
881 508 970 590 cquis
986 509 1101 587 armis,
1116 510 1225 574 addito
1239 510 1370 594 insuper

223 615 362 676 ferarum
383 623 499 676 terrore
513 613 675 676 ueniebat.
700 623 778 696 aput
792 614 985 685 Heracleam
1001 613 1197 695 Campaniae
1217 614 1368 678 fluuium-

224 716 402 800 que'Lirim
416 717 559 780 Laeuino
573 709 705 780 consule
728 718 832 801 prima
853 739 981 800 pugna,
1005 734 1087 800 quae
1108 729 1176 781 tam
1197 727 1289 781 atrox
1308 720 1370 782 fuit

225 833 263 887 ut
271 824 476 910 Ferentanae
498 827 623 885 turmae
644 822 822 904 praefectus
844 818 1014 914 obsidius,
1037 823 1185 886 inuectus
1199 823 1235 885 in
1249 841 1367 906 regem,

189 926 400 992 tturbauerit
413 927 613 1010 coegeritque
625 922 776 1017 proiectis
797 927 979 1010 insignibus
992 927 1113 1008 proelio
1134 929 1293 991 excedere.
1319 950 1369 991 ac·
1477 949 1480 953 ·

224 1043 294 1095 tum
309 1041 397 1106 erat,
413 1029 478 1094 nisi
492 1031 675 1117 elephanti,
693 1045 847 1097 conuerso
861 1032 897 1094 in
911 1031 1131 1115 spectaculum
1144 1032 1241 1110 bello,
1257 1052 1368 1116 procu·

223 1137 408 1211 currissent,
425 1156 560 1218 quorum
575 1157 649 1198 cum
670 1137 894 1220 magnitudine
915 1147 986 1205 tum
1006 1137 1208 1200 deformitate
1228 1148 1261 1200 et
1283 1161 1370 1203 nouo

224 1243 319 1304 odore
341 1229 438 1302 simul
461 1260 497 1302 ae
521 1240 653 1304 stridore
674 1241 869 1319 consternati
891 1241 984 1324 equi,
1011 1264 1086 1304 cum
1107 1242 1287 1324 incognitas
1307 1243 1369 1306 sibi

223 1345 336 1408 beluas,
358 1336 494 1426 emplius
515 1365 612 1427 quem
634 1356 725 1408 erent
750 1346 1004 1428 suspicarentur,
1032 1347 1143 1428 fugam
1168 1357 1370 1430 stragemque

173 1459 207 1508 10
226 1449 291 1510 late
306 1449 484 1530 dederunt„
498 1448 533 1510 in
553 1449 674 1532 Apulia
693 1449 807 1513 deinde
831 1461 909 1532 aput
929 1451 1087 1513 Asculum
1108 1450 1224 1513 melius
1239 1451 1368 1514 dimica-

223 1563 294 1615 tum
310 1562 358 1615 est
373 1553 471 1616 Curio
485 1553 693 1636 Fabricioque
707 1555 904 1618 consulibus.
928 1555 994 1616 iam
1014 1554 1132 1636 quippe
1146 1564 1246 1618 terror
1259 1557 1368 1618 belua-

224 1677 297 1726 rum
311 1643 512 1733 erioleueret,
540 1668 572 1720 et
595 1658 697 1721 Gaius
718 1658 893 1723 Numicius
911 1669 1043 1741 quartae
1064 1658 1200 1741 legionis
1222 1659 1368 1722 hastatus

223 1761 319 1824 unius
334 1760 519 1842 proboscide
536 1761 658 1824 abscisa
673 1763 754 1824 mori
768 1782 862 1844 posse
875 1763 987 1824 beluae
1002 1763 1193 1825 ostenderat.
1211 1761 1368 1844 itaque‘in

222 1865 309 1946 ipsas
323 1865 390 1946 pila
404 1875 558 1946 congesta
570 1874 657 1940 sunt,
675 1875 707 1927 et
722 1862 757 1927 in
772 1875 875 1929 turres
888 1865 1032 1928 uibratae
1046 1866 1130 1928 laces
1145 1875 1214 1927 tota
1227 1866 1369 1928 hostium

172 1979 203 2030 15
224 1968 554 2052 agmineardentibus
568 1968 669 2032 ruinis
685 1980 894 2052 operuerunt,
917 1990 978 2040 nec
998 1970 1087 2053 prius
1108 1969 1192 2032 clodi
1209 1969 1284 2032 finis
1305 1969 1368 2032 fuit

225 2093 323 2156 quem
337 2092 402 2136 nox
417 2071 596 2149 dirimeret,
619 2083 864 2157 postremusque
876 2074 1072 2157 fugientium
1086 2095 1143 2137 rex
1156 2074 1227 2156 ipse
1240 2095 1260 2136 a
1274 2075 1367 2136 satel-

223 2177 333 2240 litibus
349 2198 458 2240 umero
473 2177 599 2241 saucius
614 2177 649 2240 in
665 2178 760 2240 armis
772 2177 840 2241 suis
850 2174 1029 2242 referretur.
1048 2178 1209 2245 Lucaniae
1220 2199 1368 2261 suprema

222 2303 333 2365 pugna
347 2283 406 2344 sub
420 2281 581 2358 Arusinis,
598 2302 677 2366 quos
691 2292 821 2358 uocant,
838 2283 971 2364 campis,
987 2272 1122 2346 ducibus
1136 2284 1238 2346 isdem
1252 2283 1368 2365 quibus

224 2386 369 2468 superius
375 2411 388 2462 5
400 2389 455 2449 sed
465 2397 539 2449 tum
549 2397 618 2449 tota
626 2387 772 2451 uictoria.
783 2387 924 2462 exitum,
941 2406 1037 2469 quem
1047 2389 1161 2450 datura
1174 2388 1279 2449 uirtus
1292 2387 1366 2462 fuit,

171 2501 203 2552 2ο
224 2510 315 2553 casus
326 2491 428 2553 dedit.
452 2510 529 2553 nam
543 2491 702 2572 prosectis
717 2491 752 2552 in
772 2490 910 2572 primam
931 2489 1032 2552 aciem
1051 2511 1161 2554 rursus
1176 2491 1366 2573 elephantis,

223 2615 326 2656 unum
341 2615 382 2656 ex
402 2594 447 2656 eis
469 2595 597 2675 pullum
618 2595 723 2656 adacti
743 2595 779 2656 in
800 2605 898 2676 caput
918 2594 976 2656 teli
996 2594 1104 2676 grauis
1126 2595 1209 2658 ictus
1232 2595 1365 2670 auertit3

225 2697 281 2779 qui
296 2717 371 2760 cum
384 2716 441 2779 per
456 2706 595 2780 stragem
610 2717 742 2762 suorum
757 2699 923 2760 recurrens
937 2698 1070 2761 stridore
1085 2709 1285 2781 quereretur,
1302 2719 1368 2761 ma·
1437 2738 1441 2741 -

224 2811 272 2889 ter
286 2801 419 2883 agnouit
434 2811 466 2864 et
480 2802 571 2884 quasi
592 2802 772 2884 uindicaret
792 2802 926 2878 exiluit,
949 2813 1020 2865 turn
1041 2791 1149 2866 omnia
1170 2803 1253 2866 cirea
1276 2803 1368 2886 quasi

222 2905 352 2968 hostilia
365 2906 456 2988 graui
470 2907 554 2968 mole
575 2906 771 2989 permiscuit.
799 2925 836 2968 ec
858 2906 904 2969 sic
926 2908 1055 2970 eaedem
1077 2908 1179 2984 ferae,
1206 2929 1289 2990 quae
1302 2907 1366 2989 pri·

170 3023 203 3072 25
222 3032 309 3074 marn
323 3011 491 3074 uictoriam
505 3012 718 3087 abstulerunt,
736 3012 909 3073 sectmdem
928 3031 1037 3094 parem
1058 3013 1220 3089 fecerunt,
1242 3012 1369 3074 tertiam

222 3116 300 3178 sine·
320 3116 541 3179 controuersia
568 3116 779 3178 tradiderunt.
817 3137 878 3178 nec
904 3135 982 3177 nero
1010 3125 1138 3178 tantum
1163 3116 1259 3179 armis
1281 3126 1314 3178 et
1333 3115 1368 3177 in

223 3241 352 3302 campo,
380 3230 428 3284 set
450 3218 590 3284 consiliis
612 3211 740 3303 quoque
763 3230 796 3283 et
821 3220 909 3282 domi
933 3235 1008 3282 cum
1031 3239 1106 3303 rege
1131 3221 1254 3304 Pyrrho
1276 3219 1368 3283 dimi·

119 3457 128 3470 ‘
225 3457 240 3506 2
252 3453 382 3506 eracleam
392 3453 446 3525 11111
459 3463 487 3508 et
499 3455 651 3524 campeniae
662 3451 777 3506 fluuium
789 3451 860 3506 lirim
871 3442 915 3520 Ν11
928 3455 943 3503 3
956 3451 1028 3504 lirim
1040 3453 1094 3504 bN:
1107 3451 1185 3521 lyrim
1190 3465 1218 3514 B,
1233 3452 1309 3504 lirem
1320 3464 1336 3503 1
1347 3451 1357 3520 11

222 3541 238 3588 4
251 3537 420 3589 ferentaneae
431 3549 466 3600 B,
489 3537 662 3590 forentaneae
674 3551 703 3602 Ι,
717 3539 900 3590 ferrentaneae
917 3547 942 3586 N
958 3535 967 3602 ΙΙ
985 3535 1100 3586 ossidius
1111 3547 1144 3598 B,
1164 3535 1285 3602 opsidius
1296 3536 1340 3604 Ν1
1354 3540 1369 3587 5

226 3621 328 3674 facturn
338 3632 364 3672 N
374 3621 383 3690 11
396 3624 411 3673 6
424 3621 547 3672 conuersi
557 3633 583 3673 N
592 3621 601 3691 11
614 3621 679 3673 belli
692 3632 718 3672 N
732 3619 741 3690 11
760 3616 957 3687 procurrissent
966 3630 983 3670 Ι
992 3618 1002 3687 11
1015 3619 1030 3669 8
1043 3616 1123 3670 simul
1134 3617 1184 3668 hac
1195 3629 1215 3670 B
1227 3617 1236 3686 11
1249 3617 1297 3686 qui
1309 3634 1370 3670 cum

221 3705 265 3774 Ν11
279 3703 458 3773 9bellucsdll
474 3704 618 3774 13-primus
645 3703 798 3756 Ouwenst'us
816 3707 889 3756 mett
906 3703 1009 3771 Happ
1028 3703 1077 3754 314
1097 3700 1106 3770 1
1125 3695 1293 3770 pmmdmide
1310 3701 1368 3764 1¹·N‚
1474 3747 1477 3750 ,

223 3787 393 3858 promuscide
403 3800 423 3840 Ν
434 3806 452 3840 a
464 3791 479 3840 2
491 3805 573 3840 crocu
586 3789 595 3858 11
614 3788 790 3841 hostenderat
799 3799 820 3840 N
831 3787 841 3857 11
856 3790 885 3839 13
898 3788 991 3857 itaque
1002 3792 1030 3839 et
1041 3786 1070 3838 in
1080 3797 1106 3838 N
1115 3786 1125 3855 11
1141 3788 1171 3836 15
1186 3785 1336 3856 hagam
1348 3787 1358 3856 11

207 3865 296 3942 'mins
314 3871 524 3926 Mommsenius:
549 3872 618 3924 elius
637 3881 695 3924 ΒΝΙ
712 3871 721 3940 11
740 3871 814 3941 gladi
835 3871 882 3940 Ν1
897 3873 927 3924 ld
940 3872 998 3940 ipse
1009 3886 1057 3924 rex
1068 3882 1093 3922 N
1108 3870 1117 3939 11
1138 3873 1168 3922 17
1187 3870 1299 3924 humero
1315 3883 1336 3924 N
1348 3871 1357 3940 11
1379 3916 1381 3920 ,

221 3971 327 4008 umeros
340 3957 436 4026 angius
449 3957 491 4010 sin
503 3957 585 4010 armis
600 3967 626 4008 N
636 3955 645 4025 11
660 3958 690 4008 18
704 3955 869 4026 sybarusinis
879 3969 908 4020 Β,
922 3955 973 4014 sub
985 3953 1106 4006 heresin
1117 3953 1183 4007 hisI
1192 3955 1203 4024 11
1215 3972 1307 4024 pugne
1318 3955 1371 4008 fuit

224 4038 349 4093 Arusinis
365 4041 556 4095 Mommsenius
569 4041 578 4110 11
591 4039 696 4094 hisdem
706 4051 742 4094 BI
752 4039 762 4109 11
776 4041 809 4092 19
819 4046 916 4093 tnncN
926 4040 935 4109 1
948 4042 983 4091 20
993 4038 1164 4108 productisN
1174 4037 1183 4106 1
1195 4055 1274 4091 nisus
1287 4038 1302 4089 b
1314 4039 1324 4108 11
1337 4041 1366 4091 21

224 4122 266 4174 liis
278 4135 317 4175 ΙΝ
331 4123 342 4193 1
360 4127 391 4177 22
404 4143 561 4194 percurrens
572 4137 598 4180 N
615 4124 624 4194 1
643 4128 675 4177 24
688 4123 797 4178 hostilia
810 4124 881 4178 circs
891 4140 964 4196 more
976 4121 1133 4191 permiscuit
1142 4135 1168 4175 N
1184 4123 1193 4191 11
1211 4123 1303 4176 eedem
1315 4122 1370 4174 iere

226 4205 264 4268 11²,
278 4206 372 4260 aedem
383 4208 454 4262 ferae
466 4209 513 4263 211⁸
519 4247 527 4274 ‚
542 4209 635 4262 eadem
647 4208 703 4261 fere
714 4219 740 4262 Ν
749 4209 759 4280 1
777 4211 810 4261 25
823 4207 992 4261 obsederant
1000 4207 1052 4260 er
1066 4208 1076 4277 1
1088 4211 1122 4262 26
1133 4207 1217 4285 tantis
1227 4219 1248 4260 B
1259 4208 1268 4277 11
1281 4223 1331 4260 nec
1341 4205 1370 4256 in

226 4300 244 4338 a
257 4288 266 4356 11
279 4292 310 4342 27
325 4307 432 4360 campos
443 4293 480 4356 ll,
495 4285 595 4366 campis
600 4293 655 4346 11'N
665 4293 674 4364 11
688 4291 807 4348 consiliis
819 4298 847 4346 et
859 4291 932 4346 domi
944 4304 1074 4362 quoquot
1084 4291 1095 4360 11
1106 4291 1180 4344 domi
1192 4286 1355 4354 cumscrrpsr'
1361 4307 1369 4333 ··

115 4425 119 4439 ¹
228 4370 302 4423 domi
311 4373 383 4426 intre
395 4375 487 4429 urbem
500 4394 560 4431 cum
572 4389 629 4430 ΒΝΙ
639 4378 648 4446 1
