3300 5084
525 364 672 411 serrone
687 367 712 422 1,
731 357 838 410 15-17
856 345 1005 430 [ΒΟ-26].
1307 346 1346 408 27

204 518 242 581 de
268 515 361 578 hoste
387 514 484 578 Gallo
510 514 700 578 uindicauit.
731 536 806 578 cum
831 525 946 578 senatu
972 501 1099 595 quoque
1122 513 1347 576 uehementius

202 637 303 702 aequo
317 621 465 701 bonoque
481 628 638 682 certatum
653 628 721 695 est,
743 621 822 704 adeo
852 629 891 682 ut
911 617 1030 682 relictis
1053 615 1180 680 sedibus
1202 616 1347 680 solitudi-

200 747 275 788 nem
290 734 323 787 et
336 723 504 787 interitum
518 724 639 806 patriae
654 745 730 787 suae
745 724 932 788 minaretur.

288 821 397 894 Prima
422 829 579 912 discordia
604 831 644 893 ob
669 829 884 912 inpotentiam
904 832 1131 894 feneratorum.
1171 829 1287 912 quibus
1302 828 1348 892 in
1362 830 1403 890 23
1452 818 1471 866 ἶ

167 949 182 997 5
201 945 290 1018 terga
304 922 430 1017 quoque
445 935 604 999 semiliter
626 935 864 1012 coamantibus,
888 935 924 997 in
948 955 1074 998 sacrum
1094 944 1237 996 montem
1257 929 1348 1016 plebs

203 1051 323 1102 armata
338 1039 467 1104 secessit
482 1055 649 1122 aegreque,
665 1061 725 1102 nec
745 1036 809 1110 nisi
827 1039 972 1102 tribunos
987 1027 1199 1122 impetrasset,
1216 1036 1349 1101 Meneni
1394 1028 1401 1036 '
1483 1061 1489 1076 ·

155 1188 157 1192 ,
202 1145 381 1230 Agrippae,
408 1144 539 1210 facundi
559 1155 592 1209 et
614 1144 766 1226 sapientis
792 1141 872 1219 uiri,
900 1145 1089 1208 auctoritate
1115 1153 1265 1207 reuocata
1286 1153 1345 1208 est.

200 1251 293 1316 'extat
307 1251 459 1315 orationis
475 1251 624 1334 antiquae
640 1251 717 1314 satis
734 1251 846 1312 efficax
860 1252 902 1312 ad
921 1250 1122 1313 concordiam
1135 1249 1262 1324 fabula,
1286 1270 1349 1332 qua

203 1349 372 1426 dissedisse
387 1358 548 1439 quondam
562 1355 826 1418 humanosdixit
848 1366 955 1431 artus,
978 1357 1064 1438 quod
1085 1354 1234 1417 omnibus
1255 1374 1348 1436 opere

151 1476 183 1526 10
203 1462 412 1546 fungentibus
427 1463 513 1525 solus
529 1471 642 1522 uenter
655 1459 799 1522 inmunis
814 1470 936 1542 ageret3
962 1458 1077 1521 deinde
1090 1458 1297 1521 moribundos
1311 1479 1350 1521 ea

198 1563 402 1632 seiunctione
426 1563 544 1629 redisse
570 1564 606 1626 in
627 1564 782 1647 gratiam,
810 1564 939 1646 quando
967 1562 1142 1624 sensissent
1171 1564 1257 1646 quod
1278 1562 1348 1626 eius
1400 1636 1402 1640 ,

204 1695 298 1755 opera
311 1670 447 1736 redactis
462 1669 497 1731 in
512 1668 703 1750 sanguinem
718 1668 796 1731 cibis
813 1667 1039 1749 inrigarentur.

269 1776 472 1839 'Secundam
495 1773 531 1835 in
556 1773 635 1834 urbe
660 1772 767 1834 media
790 1769 1025 1834 decemuiratus
1056 1768 1156 1831 libido
1181 1769 1344 1842 conflauit.
1364 1771 1404 1831 24

206 1884 319 1945 allatas
341 1903 360 1942 a
380 1876 517 1941 Graecia
541 1877 627 1958 leges
644 1876 764 1937 decem
789 1874 950 1956 principes
975 1873 1050 1935 lecti
1074 1864 1206 1934 iubente
1230 1873 1349 1954 populo

152 1999 184 2048 15
206 1983 471 2064 conscripserant,
488 1979 697 2062 ordinataque
713 1989 780 2041 erat
803 1979 839 2041 in
860 1977 1028 2042 duodecim
1043 1976 1161 2040 tabulis
1176 1987 1244 2039 tota
1258 1975 1349 2039 iusti·

205 2089 263 2162 tia,
282 2109 356 2150 cum
370 2096 479 2152 tamen
493 2085 626 2148 traditos
649 2084 750 2147 fasces
772 2083 860 2166 regio
882 2081 1141 2171 quodamfurore
1155 2079 1346 2145 retinebunt.

205 2202 280 2255 ante
295 2202 413 2254 ceteros
428 2189 553 2272 Appius
568 2209 605 2252 eu
626 2188 816 2252 insolentiae
839 2189 942 2250 elatus
965 2196 1014 2250 est
1036 2196 1074 2248 ut
1094 2187 1270 2269 ingenuam
1284 2185 1349 2249 uir·

204 2295 312 2378 ginem
327 2305 437 2376 stupro
453 2294 643 2370 destinaret,
667 2294 785 2356 oblitus
801 2302 834 2354 et
849 2291 1017 2354 Lucretiae
1032 2301 1065 2353 et
1078 2313 1192 2373 regum
1215 2300 1247 2353 et
1268 2290 1348 2353 iuris

204 2400 289 2482 quod
314 2399 382 2481 ipse
408 2409 627 2480 conposuerat.
659 2398 768 2484 itaque
796 2418 882 2459 cum.
897 2417 1079 2477 oppressam
1104 2393 1224 2456 iudicio
1248 2394 1351 2472 filiam

152 2515 185 2564 20
206 2503 290 2566 trahi
304 2503 339 2565 in
354 2501 543 2564 seruitutem
557 2501 681 2564 uideret
696 2499 863 2581 Virginius
885 2508 994 2580 pater,
1021 2498 1105 2560 nihil
1126 2507 1295 2560 cunctatus
1315 2497 1351 2559 in

205 2606 310 2686 medio
324 2606 392 2668 foro
402 2626 502 2666 manu
514 2625 572 2666 sua
585 2603 756 2680 interfecit,
774 2602 972 2684 admotisque
984 2602 1084 2684 signis
1097 2600 1351 2664 commilitonum

205 2719 306 2772 totam
321 2731 392 2772 eam
406 2708 658 2772 dominationem
672 2709 832 2770 obsessam
846 2706 941 2770 armis
955 2705 991 2769 in
1005 2729 1161 2770 carcerem
1175 2716 1208 2769 et
1223 2716 1350 2770 catenas

205 2815 245 2876 ab
259 2813 424 2878 Auentino
439 2823 548 2882 monte
563 2811 711 2894 detraxit.

315 2918 457 2982 Tertiam
485 2915 674 2981 seditionem
702 2915 857 2978 excitauit
890 2913 1166 3000 matrimoniorum
1193 2915 1345 2999 dignitas,
1363 2915 1405 2976 25

74 3105 77 3108 Ι
152 3033 185 3082 25
204 3031 241 3084 ut
266 3022 468 3104 plebeicum
493 3021 635 3104 patriciis
661 3021 871 3104 iungerentur
877 3044 887 3094 ;
920 3020 975 3102 qui
1004 3021 1162 3083 tumultus
1186 3019 1221 3082 in
1240 3032 1350 3083 monte
1377 3103 1380 3108 .

205 3127 352 3190 Ianiculo
375 3127 454 3210 duce
478 3126 634 3190 Canuleio
655 3126 784 3190 tribuno
806 3124 909 3206 plebis
931 3125 1059 3188 exarsit.
1084 3135 1234 3207 quartam
1248 3126 1349 3188 hono·
1368 3127 1410 3188 26

204 3253 277 3293 rum
299 3231 434 3312 cupido,
455 3241 493 3293 ut
507 3230 612 3312 plebei
633 3252 758 3313 quoque
780 3229 987 3312 magistratus
1003 3240 1196 3292 crearentur.
1229 3229 1348 3292 Fabius

206 3334 383 3397 Ambustus
413 3337 549 3397 duarum
573 3343 663 3416 pater
691 3333 823 3396 alteram
862 3332 1005 3415 Sulpicio
1035 3333 1162 3415 patricii
1184 3334 1351 3416 sanguinis

206 3439 347 3511 dederat,
357 3421 498 3499 ‘alteram
518 3438 661 3518 plebeius
684 3437 773 3498 Stolo
796 3436 858 3498 sibi
879 3437 997 3499 iunxit.
1024 3460 1088 3519 qua
1109 3441 1248 3520 quodam
1268 3447 1347 3500 tem-

153 3551 187 3602 30
207 3560 302 3621 pore,
334 3540 419 3620 quod
446 3539 588 3601 lictoriae
614 3540 724 3622 uirgae
754 3525 870 3602 sonum
907 3539 1055 3621 ignotum
1085 3538 1255 3622 penatibus
1284 3540 1351 3604 suis

206 3653 396 3725 expauerat,
422 3664 559 3706 asorore
575 3643 651 3724 satis
672 3643 847 3705 insolenter
866 3642 984 3718 inrisa,
1007 3643 1159 3707 iniuriam
1180 3666 1246 3708 non
1261 3647 1348 3710 tulit.

207 3967 223 4014 1
235 3962 416 4032 inpotentius
428 3963 437 4034 11
452 3967 466 4015 5
479 3963 555 4033 pleps
566 3975 591 4016 Ν
601 3964 610 4034 11
623 3967 639 4017 6
652 3955 792 4036 implesset
801 3977 828 4018 Ν
837 3965 847 4036 11
859 3964 982 4018 maeneni
994 3963 1039 4034 Ν1
1053 3969 1067 4017 7
1079 3966 1196 4019 facunda
1206 3979 1226 4019 Β
1238 3966 1247 4036 11
1260 3967 1275 4019 8
1289 3986 1352 4020 con·
1455 4016 1457 4019 .

207 4047 378 4100 concordiam
388 4058 414 4098 N
424 4047 433 4116 11
446 4046 613 4101 9dissedisse
626 4049 696 4106 inter
708 4068 736 4104 se
749 4049 916 4120 quondumN
925 4049 934 4118 11
950 4049 1145 4104 10immunisN
1155 4051 1164 4121 11
1179 4054 1208 4104 11
1223 4069 1240 4104 a
1248 4053 1353 4105 seiunc-

205 4130 278 4182 tione
286 4144 310 4183 Ν
320 4131 329 4200 11
345 4134 375 4182 17
384 4131 499 4200 appicsb
512 4131 521 4200 11
534 4131 620 4186 elatus
629 4165 655 4174 -
673 4134 800 4188 lucretiae
807 4153 849 4187 om
857 4133 886 4186 ia
894 4133 1033 4201 marqadd
1037 4147 1056 4186 Β
1068 4135 1077 4204 11
1093 4133 1223 4188 l8olituB
1236 4135 1245 4204 1
1257 4153 1355 4204 regum

209 4213 263 4265 bn.-
277 4215 394 4284 legums
406 4215 415 4286 11
431 4219 461 4268 19
474 4233 643 4286 oppraessam
655 4218 753 4272 iuditio
764 4219 948 4274 filiamirabin·
958 4218 968 4288 11
980 4221 1011 4271 21
1025 4218 1151 4272 interficit
1161 4231 1183 4270 Β
1193 4217 1203 4288 11
1216 4223 1248 4272 25
1260 4219 1353 4289 plebes

207 4307 232 4347 Ν
246 4296 256 4363 11
269 4301 303 4350 26
314 4299 433 4353 canoleiu
447 4300 462 4350 b
474 4300 483 4369 11
496 4301 587 4369 plebes
603 4314 629 4354 Ν
639 4301 648 4372 11
661 4306 695 4356 29
706 4304 811 4373 plebeio
824 4304 895 4357 stolo
907 4303 1024 4372 quodum
1035 4309 1155 4372 tempore
1166 4315 1191 4354 Ν
1209 4303 1218 4372 11
1239 4317 1293 4370 qua
1303 4300 1356 4351 add

208 4379 352 4432 Halmius:
365 4399 407 4434 om
418 4394 460 4435 ΒΝ
471 4383 480 4451 11
494 4387 526 4436 30
538 4385 651 4440 uictoria
662 4399 682 4440 Β
694 4388 703 4458 11
716 4405 840 4444 somnum
852 4400 877 4441 Ν
887 4387 896 4456 11
910 4390 939 4439 31
954 4386 1079 4440 iniuriam
1091 4403 1133 4438 om
1143 4399 1163 4438 Β
1176 4386 1185 4453 1
