3300 5084
416 341 417 344 Ἴ
484 369 488 374 ’
593 375 741 419 nrrroMA
757 377 782 451 r,
800 367 833 418 ³3
851 357 904 441 [11,
924 357 981 441 ΠΗ·
1324 358 1364 418 53

206 534 314 608 partes
330 525 395 587 iam
410 525 492 600 huc,
520 524 677 588 iam-illuc
692 525 782 589 missi
797 528 913 601 duces,
938 526 993 609 qui
1008 525 1218 588 ferocissimas
1235 536 1267 587 et
1281 525 1317 588 in
1330 511 1365 588 id

209 641 339 713 tempus
353 630 597 712 liberasgentes
615 630 750 713 ideoque
770 631 965 713 inpatientes
979 627 1050 715 iugi
1064 618 1169 694 multo
1183 632 1291 694 labore
1305 653 1366 693 nec

207 736 386 799 incruentis
409 734 639 800 certaminibus
662 737 994 800 seruiredocuenmt.
1020 738 1100 801 Cato
1119 737 1177 799 'ille
1192 735 1365 798 Censorius

208 841 401 918 Celtiberos,
418 841 452 904 id
467 853 516 904 est
530 843 627 905 robur
643 841 835 924 Hispaniae,
848 842 975 926 aliquot
989 842 1119 925 proeliis
1133 840 1240 924 fregit.
1265 841 1364 904 Gracss

115 1027 116 1032 η
174 946 308 1022 5chus,
336 958 427 1030 pater
449 939 509 1011 ille
527 947 767 1025 Gracchorum,
795 951 924 1012 eosdem
939 947 1070 1012 centum
1085 959 1117 1010 et
1133 947 1367 1030 quinquaginta

208 1052 342 1133 urbium
363 1053 529 1132 euersione
551 1054 716 1119 multauit.
755 1055 910 1118 Metellus
932 1054 1008 1131 ille,
1035 1053 1091 1137 qui
1113 1075 1154 1116 ex
1175 1052 1367 1118 Macedonia

207 1181 388 1242 cognomen
402 1171 572 1236 meruerat,
590 1170 623 1222 et
637 1160 849 1223 Celtibericus
863 1160 934 1222 fieri
946 1160 1077 1236 meruit,
1094 1179 1169 1248 cum
1184 1169 1216 1222 et
1231 1159 1366 1221 Contre-

207 1266 297 1328 biam
311 1264 511 1328 memorabili
526 1266 662 1348 cepisset
684 1268 831 1349 exemplo
853 1277 886 1329 et
906 1265 1118 1348 Nertobrigae
1132 1263 1252 1326 maiore
1266 1263 1368 1346 gloria

209 1369 415 1454 pepercisset.
441 1371 598 1434 Lucullus
614 1373 773 1435 Turdulos
789 1382 885 1454 atque
900 1355 1079 1447 Vaccaeos,
1105 1373 1145 1432 de
1167 1352 1282 1452 quibus
1300 1369 1366 1432 Sci·
1449 1356 1451 1363 ’

156 1490 190 1538 10
211 1476 267 1560 pio
282 1476 338 1538 ille
352 1475 507 1558 posterior
522 1475 680 1559 singulari
695 1477 887 1551 certamine,
912 1498 986 1538 cum
1007 1498 1070 1538 rex.
1086 1475 1200 1538 suisset
1215 1497 1367 1557 prouoca-

211 1593 282 1658 tor,
307 1581 413 1665 opima
433 1562 598 1657 retulerat.
623 1581 776 1644 Decimus
798 1585 921 1644 Brutus
936 1579 1101 1661 aliquanto
1116 1580 1212 1642 latius
1228 1580 1367 1643 Celticos

210 1673 449 1771 Lusitanosque
471 1698 504 1750 et
526 1687 630 1750 omnis
653 1686 833 1751 Callaeciae
847 1686 982 1768 populos
997 1684 1268 1768 formidatumque
1283 1686 1367 1747 mili-

94 1795 96 1800 ’
190 1794 299 1858 tibus
314 1794 436 1868 flumen
451 1792 654 1867 Obliuionis,
678 1801 908 1874 peragratoque
921 1789 1034 1851 ¹uictor
1049 1788 1172 1851 Oceani
1193 1788 1368 1864 litore'non
1467 1837 1471 1846 .

212 1900 412 1984 priussigna
427 1897 586 1960 conuertit
608 1917 705 1979 quam
724 1898 895 1972 cadentem
916 1895 951 1956 in
971 1893 1072 1955 maria
1087 1893 1187 1955 solem
1202 1895 1367 1973 obrutum·
1415 1928 1419 1931 <

156 2019 189 2068 15
213 2026 276 2088 que
303 2002 393 2086 aquis
418 2002 528 2086 ignem
542 2024 619 2092 [non
645 2002 715 2066 sine
741 2001 881 2085 quodam
906 1994 1064 2081 sacrilegii
1089 2008 1180 2060 metu
1206 2008 1238 2061 et
1264 1978 1369 2061 drrore
1450 2008 1454 2012 ’

211 2108 403 2193 deprendit·
1405 2094 1410 2105 ¹

292 2215 365 2278 Sed
380 2224 448 2304 tota
463 2217 675 2280 certaminum
689 2216 790 2279 moles
806 2235 881 2276 cum
896 2211 1062 2276 Lusitanis
1083 2210 1147 2274 fuit
1167 2222 1200 2274 et
1221 2213 1254 2275 N
1256 2231 1368 2273 uman-

212 2321 301 2386 tinis.
326 2343 386 2384 nec
401 2321 561 2385 inmerito.
588 2322 705 2407 quippe
728 2320 803 2384 solis
825 2319 973 2403 gentium
988 2317 1168 2401 Hispaniae
1182 2320 1279 2380 duces
1294 2339 1368 2385 con—

201 2427 367 2511 tigenmt.
408 2428 522 2491 fuisset
549 2440 581 2491 et
606 2450 681 2491 cum
703 2426 862 2490 omnibus
880 2425 1068 2501 Celtiberis,
1096 2424 1161 2486 nisi
1186 2424 1254 2516 dux
1279 2421 1368 2484 illius

158 2547 191 2597 2ο
213 2543 320 2597 motus
335 2533 429 2596 initio
443 2533 572 2620 belliui
594 2553 762 2616 oppressus
784 2540 887 2606 esset,
916 2515 1060 2593 summae
1081 2530 1133 2593 uir
1160 2526 1316 2602 astutiae,
1341 2526 1368 2589 si
1502 2615 1505 2621 Ι

211 2638 436 2722 processisset,
460 2636 659 2722 Olyndicus,
682 2636 738 2718 qui
752 2637 879 2698 hastam
895 2646 1078 2718 argenteam
1101 2633 1248 2718 quatiens
1277 2632 1368 2715 quasi

213 2743 302 2806 caelo
323 2742 455 2806 missam
475 2741 668 2823 uaticinanti
690 2741 803 2804 similis
827 2741 972 2805 omnium
987 2740 1022 2802 in
1045 2742 1218 2803 sementes
1234 2760 1367 2800 conuer-

215 2858 309 2911 terat.
335 2858 384 2910 set
399 2871 473 2911 cum
488 2849 560 2932 pari
573 2847 751 2910 temeritate
774 2848 834 2910 sub
855 2857 948 2916 nocte
963 2855 1067 2908 castra
1081 2844 1221 2908 consulis
1237 2844 1366 2919 adisset,

214 2953 306 3016 iuxta
320 2939 499 3022 tentorium
509 2954 618 3038 ipsum
631 2954 698 3036 pilo
713 2953 822 3036 uigilis
845 2961 998 3034 exceptus
1021 2962 1080 3013 est.
1111 2962 1253 3014 ceterum
1275 2949 1368 3012 Lusi-

158 3073 192 3123 25
214 3070 307 3123 tanos
322 3059 467 3123 Viriatus
483 3059 596 3136 erexit,
613 3059 665 3122 uir
679 3057 865 3123 calliditatis
882 3056 1064 3119 acerrimae.
1089 3057 1201 3140 quiex
1215 3066 1369 3119 uenatore

214 3167 315 3242 latro,
340 3185 381 3228 ex
394 3165 521 3247 latrone
534 3165 640 3229 subito
656 3167 723 3228 dux
738 3167 841 3248 adque
856 3161 1029 3245 imperator
1043 3172 1094 3238 et,
1117 3162 1145 3225 si
1159 3162 1289 3224 fortuna
1303 3183 1368 3224 ces·

215 3270 328 3347 sisset,
357 3270 536 3353 Hispaniae
558 3271 738 3347 Romulus,
766 3291 832 3333 non
855 3277 1026 3331 contentus
1041 3267 1224 3330 libertatem
1238 3288 1370 3328 suorum

214 3356 395 3451 defendere,
411 3397 469 3458 per
484 3375 740 3459 quattuordecim
755 3396 856 3436 annos
872 3373 981 3436 omnia
1002 3372 1082 3434 citra
1101 3372 1251 3454 ultraque
1265 3371 1368 3435 Hibe·

212 3482 324 3550 berum
347 3490 380 3542 et
401 3481 528 3564 Tagum
542 3480 612 3565 igni
625 3481 770 3563 ferroque
784 3479 976 3563 popula-tus,
1001 3488 1104 3538 castra
1127 3476 1223 3538 etiam
1244 3487 1368 3560 praeto-

217 3755 228 3805 1
244 3751 314 3804 etad
325 3750 354 3804 id
365 3751 524 3821 temporisN
534 3751 543 3822 ΗΗ
557 3755 572 3805 2
584 3751 646 3806 ideo
657 3763 683 3804 N-
693 3752 701 3822 ΗΗ
715 3755 730 3806 3
743 3749 935 3821 ingruentibus
946 3761 966 3802 Β
978 3750 987 3820 ΗΗ
1000 3753 1016 3802 4
1028 3749 1137 3804 ruborB
1150 3750 1159 3820 ΗΗ
1172 3748 1283 3818 aliquod
1293 3760 1338 3801 ΒΝ
1357 3748 1366 3818 ΗΗ
1440 3772 1443 3776 “

217 3848 359 3908 graccusB
371 3836 380 3906 ΗΗ
394 3839 409 3888 5
422 3853 579 3906 graccmum
596 3849 615 3888 Β
626 3837 642 3906 ΗΗ
663 3841 676 3888 7
695 3836 795 3890 meruit
812 3853 855 3888 om
872 3845 898 3886 N
913 3834 922 3904 ΗΗ
942 3843 970 3888 et
986 3853 1029 3888 om
1048 3835 1093 3905 ΝΗ
1112 3833 1307 3888 cantabriamB
1324 3834 1333 3904 ΗΗ
1354 3837 1369 3886 8
1418 3844 1421 3850 “

213 3921 386 3976 memorabile
397 3934 421 3975 N
433 3921 441 3992 ΗΗ
454 3913 623 3976 nectobricae
634 3933 662 3984 Β,
677 3919 841 3990 nersobrigis
852 3932 878 3972 Ν
888 3920 896 3990 ΗΗ
909 3922 925 3972 9
937 3921 1058 3989 pepercit
1069 3932 1094 3972 Ν
1104 3920 1112 3989 ΗΗ
1126 3920 1172 3972 ille
1184 3919 1269 3988 scipio
1280 3932 1300 3978 Β
1312 3919 1322 3989 Η
1338 3922 1369 3972 10

213 3999 403 4077 prouocatosN
416 4006 424 4077 ΗΗ
438 4010 471 4059 12
484 4006 613 4076 galleciae
624 4017 649 4058 Ν
659 4007 668 4075 ΗΗ
681 4005 822 4076 populuss
836 4005 845 4075 ΗΗ
861 4008 890 4056 13
903 4004 1022 4058 fluminis
1033 4017 1053 4058 Β
1066 4005 1074 4074 ΗΗ
1090 4009 1120 4057 15
1133 4005 1228 4075 igneN
1238 4003 1248 4074 ΗΗ
1260 4005 1369 4058 horrere

214 4103 240 4143 Ν
250 4092 258 4162 ΗΗ
273 4092 521 4162 16deprehenditN
532 4092 540 4162 ΗΗ
554 4095 726 4170 2bmotusN:
739 4096 890 4143 mortuusis
902 4090 912 4160 Η
925 4090 1069 4160 uiscrtpci:
1083 4097 1228 4154 utB‚.omN
1238 4090 1247 4160 ΗΗ
1261 4106 1370 4159 oppres-

216 4193 261 4228 sus
273 4177 322 4230 sed
333 4195 454 4230 summus
465 4189 491 4230 Ν
501 4177 510 4248 ΗΗ
523 4175 639 4230 astutiae
651 4174 761 4244 carpsi:
774 4175 903 4228 audaciae
914 4187 948 4238 Β,
963 4182 1070 4228 astutus
1083 4181 1111 4228 et
1122 4175 1236 4228 audacia
1246 4187 1271 4227 Ν
1281 4173 1289 4215 ¹¹
1305 4175 1329 4226 si
1340 4192 1369 4225 re

216 4261 339 4314 cessisset
349 4275 374 4314 N
391 4263 400 4330 ΗΗ
419 4265 448 4314 21
465 4260 628 4314 selandicus.
639 4273 664 4313 N
680 4260 689 4332 ΗΗ
708 4266 794 4314 astam
806 4272 832 4312 N
847 4259 857 4330 ΗΗ
870 4259 948 4312 uelut
959 4260 1033 4321 caelo
1052 4273 1078 4313 N
1094 4260 1103 4330 ΗΗ
1116 4264 1150 4312 22
1170 4260 1230 4329 ipso
1241 4271 1267 4311 N
1277 4260 1285 4328 ΗΗ
1299 4257 1370 4326 uigi-

215 4342 259 4396 liis
275 4356 300 4397 N
310 4345 319 4414 ΗΗ
333 4349 364 4399 27
379 4352 550 4416 contemptus
561 4358 581 4398 Β
594 4345 602 4416 ΗΗ
617 4349 648 4399 28
667 4353 796 4416 quattuor
810 4359 830 4400 Β
842 4345 852 4416 ΗΗ
864 4345 942 4398 annis
962 4346 977 4397 b
990 4345 998 4416 ΗΗ
1012 4352 1126 4415 utraque
1139 4345 1154 4396 b
1167 4344 1177 4413 ΗΗ
1190 4347 1222 4396 29
1235 4350 1264 4396 et
1275 4358 1370 4410 agrurn

214 4428 522 4500 Nllprastorioruqu
719 4479 721 4484 ,
1174 4456 1177 4461 ‚
