3300 5084
294 263 355 328 122
633 324 636 329 ,
690 291 694 298 ·
774 283 846 330 rvnr
861 283 959 327 raom

291 436 365 510 bus,
382 433 441 498 hos
456 433 620 497 obsidibus
636 431 806 509 astrinxit,
823 433 882 496 hos
898 433 958 495 sub
974 402 1091 496 corona
1104 432 1174 496 iure
1188 433 1265 501 belli
1280 435 1445 495 uenunde·

293 538 351 602 dit.
377 538 539 621 dignares
553 538 656 617 lauro«,
675 537 773 620 digna
788 533 883 601 curru
898 538 1025 601 senatui
1040 538 1111 600 uisa
1133 550 1181 602 est
1190 564 1199 615 3
1217 541 1281 602 sed
1295 539 1361 601 iam
1376 549 1445 601 tan-

292 635 345 708 tus
361 655 428 712 erat
444 646 562 728 Caesar
575 653 612 706 ut
628 642 791 726 triumpho
807 643 917 726 augeri
938 654 1168 708 contemneret.
1191 645 1327 707 Astures
1341 666 1399 727 per
1412 645 1448 708 id

114 747 123 764 ⁶
293 762 421 834 tempus
436 749 562 834 ingenti
577 749 704 834 agmine
721 751 918 814 amentibus
933 749 1039 816 niueis
1054 752 1295 814 descenderant.
1319 771 1380 812 nec
1401 760 1447 814 te-

293 880 379 922 mere
392 867 539 942 sumptus
550 856 692 920 barbaris
707 857 879 920 uidebatur
890 867 960 919 tum
968 855 1124 939 impetus3
1140 857 1196 919 sed
1211 854 1324 938 positis
1336 855 1448 920 castris
1471 870 1486 919 5

254 999 257 1010 ι
295 964 381 1047 apud
395 964 548 1043 Asturam
562 963 684 1026 flmnen
700 962 856 1026 trifariam
871 961 977 1025 diuiso
992 962 1120 1046 agmine
1140 961 1202 1025 tria
1216 960 1314 1024 simul
1328 963 1447 1024 Roma-

294 1091 411 1134 norum
426 1068 557 1152 adgredi
568 1079 682 1152 parant
704 1080 818 1132 castra.
842 1067 1019 1150 fuissetque
1040 1089 1156 1151 anceps
1178 1078 1212 1130 et
1232 1077 1402 1131 cruentum
1416 1078 1449 1131 et

294 1176 447 1240 ultimum
461 1185 576 1240 mutua
590 1175 680 1238 clade
694 1185 857 1238 certamen
878 1195 954 1236 cum
973 1183 1040 1236 tam
1057 1173 1217 1250 ¹fortibus,
1239 1183 1307 1236 tam
1327 1173 1446 1250 subito,

294 1294 362 1344 tarn
383 1301 458 1344 cum
480 1281 613 1344 consilio
624 1280 854 1355 uenientibus,
881 1277 946 1341 nisi
960 1278 1144 1361 Brigaecini
1170 1279 1403 1362 prodidissent,
1427 1302 1448 1360 a

295 1387 411 1470 quibus
426 1370 643 1470 praemonitus
659 1385 802 1449 Carisius
817 1407 892 1448 cum
907 1385 1054 1448 exercitu·
1068 1385 1214 1455 aduenit,
1235 1407 1294 1467 pro
1315 1384 1451 1448 uictoria
1471 1397 1503 1446 10

294 1493 357 1556 fuit
380 1491 572 1575 oppressisse
595 1492 728 1555 consilia
734 1539 744 1568 ‚
773 1489 819 1553 sic
839 1512 965 1574 quoque
985 1475 1241 1573 non'iricruento
1261 1490 1446 1554 certamine.

295 1589 446 1682 ieliquias
461 1596 526 1660 fusi
540 1596 699 1660 exercitus
719 1595 920 1672 ualidissima
940 1596 1055 1660 ciuitas
1076 1599 1205 1662 Lancea
1226 1596 1370 1679 excepit,
1392 1596 1451 1658 ubi

296 1725 371 1766 cum
383 1701 462 1766 locis
478 1703 556 1765 adeo
572 1711 731 1765 certatum
745 1713 857 1779 estut,
875 1725 949 1774 cum
962 1703 1137 1786 incaptum
1152 1704 1264 1766 urbem
1278 1697 1363 1766 faces
1377 1725 1449 1786 pos-

295 1818 454 1884 cerentur,
472 1829 564 1892 aegre
580 1810 647 1872 dux
661 1807 883 1890 impetrauerit
898 1809 1046 1888 ueniam,
1064 1818 1102 1872 ut
1116 1809 1269 1872 uictoriae
1284 1810 1464 1873 Romanae.

297 1925 385 1978 stans
400 1913 507 1997 potius
523 1924 606 1978 esset
621 1936 718 1997 quarn
732 1913 866 1978 incensa
878 1925 1135 1979 monumentum.
1471 1926 1504 1975 15

382 2019 450 2083 Hic
463 2021 538 2085 finis
553 2022 702 2110 Augusto
716 2021 905 2084 bellicorum
919 2004 1131 2089 certaminum
1145 2019 1227 2095 fuit,
1250 2019 1337 2094 idem
1351 2020 1452 2105 rebel-

296 2125 387 2188 landi
401 2125 475 2190 finis
491 2126 682 2214 Hispaniae.
707 2135 793 2190 certa
807 2149 884 2189 mox
897 2129 978 2194 fides
993 2138 1026 2193 et
1041 2136 1171 2190 aeterna
1184 2147 1261 2208 pax,
1278 2147 1353 2187 cum
1363 2125 1451 2208 ipso·

297 2253 371 2296 rum
385 2230 516 2316 ingenio
538 2231 574 2294 in
593 2231 680 2314 pacis
704 2241 786 2294 artes
808 2232 1020 2317 promptiore,
1045 2241 1116 2294 tum
1137 2231 1271 2294 consilio
1292 2229 1449 2306 Caesaris,

298 2337 355 2422 qui
368 2338 521 2402 fiduciam
535 2337 696 2402 'montium
711 2338 830 2404 timens
844 2339 879 2401 in
894 2361 974 2422 quos
989 2361 1023 2402 se
1037 2337 1246 2420 recipiebant,
1260 2350 1364 2400 castra
1379 2359 1449 2412 sua,

277 2455 280 2459 '
297 2442 374 2526 quia
388 2441 422 2504 in
444 2443 541 2525 plano
558 2454 666 2520 erant,
691 2445 836 2508 habitare
852 2456 885 2508 et
900 2445 1039 2508 incolere
1055 2424 1160 2506 iussit.
1191 2443 1238 2504 ibi
1256 2442 1362 2526 gentis
1385 2464 1454 2505 esse
1470 2453 1506 2503 20

298 2549 480 2626 consilium,
496 2549 579 2612 illud
585 2551 753 2614 obseruare
762 2560 870 2634 caput.
885 2552 1015 2614 fauebat
1026 2549 1160 2613 consilio
1171 2558 1287 2636 natura
1297 2548 1447 2632 regionis

297 2654 502 2730 circumcirca
514 2657 618 2722 omnis
633 2655 770 2720 aurifera
779 2668 828 2720 est
838 2668 870 2721 et
881 2657 1096 2740 chrysocollae
1107 2654 1263 2738 miniique
1270 2665 1303 2717 et
1315 2655 1450 2718 aliorum
1502 2678 1504 2681 ·

297 2762 441 2854 colorum
452 2761 552 2826 ferax.
571 2761 679 2846 itaque
692 2763 830 2827 exerceri
844 2763 950 2826 solum
965 2762 1069 2826 iussit.
1095 2761 1141 2824 sic
1151 2762 1286 2824 Astures
1298 2758 1333 2822 ui
1345 2761 1449 2824 'laten-

196 3035 198 3040 ,
300 2979 480 3058 ladstrinxit
495 2981 540 3052 ΝΗ
553 2989 746 3038 succoronatur
762 2983 858 3038 rebelli
874 2982 919 3054 ΝΗ
938 2987 953 3036 2
974 2982 1070 3052 dignas
1089 2998 1183 3034 currus
1200 2979 1242 3050 ΒΗ
1261 2979 1343 3034 etiam
1361 2997 1452 3034 caesar
1494 2966 1498 2969 ’

297 3071 391 3118 tantus
403 3071 461 3118 erat
469 3078 494 3119 N
504 3067 513 3138 ΗΗ
527 3071 542 3120 3
555 3075 587 3122 ut
598 3069 735 3139 triumpho
748 3069 842 3138 augeri
854 3074 1038 3122 contemneret
1048 3064 1145 3133 sertim
1150 3085 1159 3116 :
1173 3064 1267 3134 augeri
1279 3071 1464 3135 contempne

297 3156 339 3203 ret
350 3157 383 3203 ut
393 3151 546 3223 triumphos
552 3166 579 3217 B,
595 3161 626 3206 ut
638 3159 729 3224 posset
740 3155 892 3224 triumphos
904 3158 1075 3207 contemnere
1086 3163 1112 3203 N
1122 3151 1131 3220 ΗΗ
1144 3150 1215 3202 idem
1227 3149 1272 3219 ΝΗ
1284 3153 1300 3202 4
1313 3140 1461 3202 montibus*

299 3235 355 3288 suis
367 3248 392 3289 N
403 3236 411 3306 ΗΗ
424 3241 439 3289 5
453 3245 577 3309 sumptus
590 3246 621 3293 ut
632 3239 752 3292 barbaris
764 3252 789 3294 N
799 3240 808 3310 ΗΗ
822 3225 967 3292 uidebatur
979 3244 1019 3288 tu
1037 3247 1070 3299 n,
1093 3253 1135 3287 om
1153 3235 1179 3289 N
1189 3237 1198 3306 ΗΗ
1212 3237 1297 3305 impes
1309 3239 1337 3286 et
1354 3233 1451 3304 positis

298 3332 324 3374 N
334 3321 343 3391 ΗΗ
356 3325 371 3374 6
384 3329 499 3376 astaram
510 3336 538 3388 B,
552 3341 658 3378 scuram
669 3336 695 3377 N
706 3324 714 3391 ΗΗ
727 3324 847 3378 indiuiso
857 3335 883 3376 N
893 3324 902 3392 ΗΗ
916 3327 930 3374 7
944 3327 1031 3374 castra
1042 3320 1156 3389 adgredi
1167 3328 1265 3390 parant
1281 3333 1306 3374 N
1316 3321 1326 3390 ΗΗ
1344 3337 1397 3390 que
1409 3338 1451 3373 om

200 3449 202 3454 ,
297 3418 323 3460 Ν
333 3405 342 3476 ΗΗ
356 3409 370 3458 8
384 3407 510 3461 ultimum
523 3409 572 3462 edd
582 3413 655 3462 cett:
677 3409 781 3462 utinam
797 3421 843 3462 BN
853 3409 861 3478 ΗΗ
874 3415 941 3460 tunc
953 3413 1044 3458 tamen
1057 3405 1174 3459 fortibus
1185 3418 1211 3457 N
1221 3406 1230 3476 ΗΗ
1243 3414 1298 3489 tam
1319 3422 1351 3468 ς.·
1371 3422 1452 3474 quam

236 3525 239 3535 ·
297 3502 331 3556 B,
350 3491 404 3544 iam
415 3503 441 3544 N
451 3491 460 3562 ΗΗ
474 3496 489 3545 9
503 3493 646 3548 dricaecini
658 3503 686 3559 B,
706 3492 853 3562 drigaecini
865 3504 891 3545 N
901 3493 910 3562 ΗΗ
923 3491 1107 3562 prouidissent
1124 3489 1223 3559 quibus
1241 3503 1261 3543 n
1274 3492 1283 3560 ΗΗ
1298 3494 1329 3542 10
1341 3489 1454 3543 aduenit

299 3577 500 3652 oppraessissed
518 3579 629 3632 consilia
646 3591 672 3632 N
689 3578 699 3644 ll
716 3595 765 3648 pro
780 3577 890 3646 scripsi.-
908 3581 991 3644 prout
1005 3587 1025 3626 n
1037 3573 1046 3643 ΗΗ
1062 3577 1090 3625 11
1107 3575 1145 3626 sic
1164 3592 1273 3645 quoque
1284 3575 1396 3645 scripsi:
1415 3575 1454 3627 sic

298 3665 388 3720 tamen
402 3679 512 3731 quoquo
523 3674 558 3728 B,
585 3663 623 3716 sic
640 3671 730 3716 tamen
743 3681 852 3733 quoque
867 3674 892 3715 N
914 3659 923 3730 Η
943 3663 973 3712 12
993 3658 1082 3713 lancia
1097 3671 1122 3711 N
1141 3659 1151 3730 Η
1170 3660 1272 3730 excipit
1287 3673 1307 3712 n
1327 3660 1336 3729 Η
1357 3663 1387 3712 13
1400 3659 1454 3712 loci

298 3757 324 3797 N
334 3745 342 3814 Η
355 3754 592 3815 poposcereuturn
610 3749 619 3819 ΗΗ
634 3752 664 3799 14
676 3747 868 3817 impetrauerat
879 3759 904 3801 N
919 3746 929 3817 ΗΗ
949 3745 1048 3798 uictori
1059 3765 1101 3792 ons
1113 3745 1217 3798 omanis
1234 3763 1269 3798 an
1288 3745 1383 3815 potius
1396 3761 1455 3796 esse

300 3837 380 3898 quam
392 3830 554 3885 incensam·
566 3839 707 3885 umentum
719 3844 738 3885 B
751 3833 759 3904 ΗΗ
776 3835 806 3884 16
819 3831 929 3901 augusti
945 3831 1011 3884 belli
1030 3831 1152 3884 ciuilium
1169 3831 1297 3883 certamin
1309 3849 1336 3875 ο*
1347 3827 1400 3878 fuit
1411 3838 1431 3878 B
1444 3827 1453 3898 ΗΗ

261 3914 263 3918 ’
302 3915 331 3965 11
345 3921 415 3968 terta
427 3929 453 3968 N
463 3916 471 3986 ΗΗ
487 3921 517 3970 18
531 3923 588 3968 arte
600 3929 628 3982 B,
648 3923 737 3987 partes
749 3929 774 3969 N
785 3916 793 3986 ΗΗ
806 3917 957 3986 promptior
968 3923 996 3969 et
1009 3934 1071 3969 cum
1087 3928 1113 3969 N
1123 3915 1132 3985 ΗΗ
1149 3919 1178 3966 19
1198 3931 1252 3983 quo
1268 3925 1294 3966 N
1309 3912 1318 3981 Η
1337 3928 1387 3964 sua
1405 3911 1454 3963 sed

276 4024 284 4033 1
300 4000 410 4068 quaein
420 4013 447 4053 N
457 4003 465 4072 ΗΗ
480 4005 511 4056 20
523 4001 644 4071 bigentis
655 4014 680 4055 N
691 4002 699 4072 ΗΗ
713 4004 743 4055 21
765 4000 908 4054 consilium
925 4001 974 4053 ubi
992 4001 1062 4053 illud
1078 4014 1097 4053 n
1110 4001 1119 4071 ΗΗ
1132 3998 1270 4052 obseruari
1287 4009 1312 4051 N
1322 3996 1332 4068 Η
1343 3996 1455 4049 fauebat

299 4099 342 4138 om
353 4097 379 4138 N
389 4084 397 4155 ΗΗ
411 4087 563 4156 posituras
576 4087 585 4156 ΗΗ
598 4090 630 4140 22
644 4086 816 4141 circumcirca
828 4084 925 4154 scripsi
931 4107 940 4137 :
960 4085 1031 4139 circa
1042 4103 1104 4138 cum
1115 4097 1143 4148 Β,
1158 4083 1229 4136 circa
1240 4100 1269 4135 se
1281 4081 1325 4152 ΝΗ
1338 4081 1458 4134 aurifera

301 4176 342 4223 est
353 4169 450 4240 scripu
455 4193 465 4224 .-
494 4173 626 4226 auriferae
649 4185 683 4237 n,
709 4170 882 4241 aurifera'Nss
895 4177 923 4224 et
934 4169 1091 4223 chrisooalle
1102 4167 1235 4238 miniique
1246 4181 1275 4241 a,
1286 4166 1456 4236 minimeque

300 4260 329 4306 et
341 4255 524 4310 chrusocollae
535 4269 561 4312 N
571 4257 580 4328 ΗΗ
594 4261 626 4311 23
639 4263 725 4310 astare
737 4268 765 4321 B,
780 4262 912 4310 astumres
929 4267 954 4308 N
963 4255 974 4326 ΗΗ
986 4255 1015 4308 ui
1027 4254 1142 4309 latentes
1159 4252 1273 4322 scripsi:
1296 4253 1415 4306 nitentes
1426 4263 1454 4313 B,

301 4346 333 4391 ut
344 4339 458 4392 latentes
470 4353 493 4394 N
506 4341 515 4410 ΗΗ
543 4357 545 4361 ’
