3300 5084
203 293 207 302 ’
271 304 312 364 92
758 320 830 363 rvm
845 320 943 368 motu

273 473 435 534 Termeste
450 467 527 532 Vlia
546 468 699 532 Valentia
718 471 872 532 Auxuma
892 469 980 531 etin
1000 469 1084 532 fame
1104 469 1189 532 nihil
1209 492 1275 533 non
1297 481 1428 554 experta
1626 432 1627 505 l

274 574 468 658 Calagurris.
499 573 544 635 sic
564 583 692 657 recepta
713 573 748 636 in
770 596 883 657 pacem
904 574 1077 657 Hispania.
1109 568 1245 640 uictores
1261 578 1358 639 duces
1374 570 1427 638 cx·

275 693 403 747 ternum
432 680 466 742 id
494 679 597 762 magis
628 702 724 762 quam
754 680 850 743 ciuile
878 681 1003 742 bellum
1032 680 1135 743 uideri
1164 682 1360 758 uoluenmt,
1391 693 1429 744 ut

275 785 520 868 triumpharent.

478 1008 543 1070 XI.
570 1006 755 1070 BELLVM
773 1006 929 1070 CIVILE
946 1005 1030 1070 SVB
1045 1005 1227 1070 LEPIDO.
1451 1021 1466 1069 5

158 1213 212 1267 111,
223 1193 263 1253 23
277 1193 386 1256 Marco
410 1192 532 1275 Lepido
556 1192 679 1260 Quinto
700 1192 818 1256 Catulo
842 1190 1026 1254 consulibus
1057 1189 1152 1252 ciuile
1180 1191 1304 1253 bellum
1329 1215 1432 1276 paene

278 1296 373 1360 citius
389 1319 578 1380 oppressum
593 1309 646 1366 est,
657 1319 753 1380 quam
775 1297 942 1379 inciperet.
981 1297 1038 1359 sed
1065 1297 1359 1382 quantulacumque
1378 1299 1433 1362 sax

278 1401 366 1465 illius
382 1412 488 1468 motus
504 1405 545 1466 ab
559 1403 629 1485 ipso
642 1402 752 1466 Sullae
766 1424 844 1485 rogo
855 1401 995 1464 exarsit?
1011 1400 1146 1483 cupidus
1158 1423 1434 1466 rerum-nouarum

279 1529 336 1591 per
346 1506 553 1572 insolentiam
568 1509 709 1591 Lepidus
726 1518 797 1570 acta
815 1507 900 1570 tanti
919 1507 982 1570 uiri
997 1507 1176 1571 rescindere
1199 1509 1348 1590 parabat,
1365 1532 1432 1572 nec

279 1612 448 1690 inmerito,
467 1613 494 1676 si
510 1624 618 1677 tamen
632 1623 745 1697 posset
760 1614 829 1676 sine
851 1632 969 1696 magna
990 1614 1080 1676 clade
1103 1613 1150 1676 rei
1169 1612 1327 1696 publicae.
1357 1637 1434 1677 nam
1457 1628 1489 1677 ιθ

281 1740 355 1782 cum
370 1719 438 1782 iure
453 1720 531 1782 belli
547 1720 640 1783 Sulla
655 1721 793 1784 dictator
807 1718 1045 1803 proscripsisset
1058 1718 1219 1794 inimicos,
1236 1718 1292 1800 qui
1306 1740 1433 1801 supere-

281 1835 354 1887 raut
375 1836 546 1889 reuocante
569 1826 691 1909 Lepido
712 1825 790 1909 quid
812 1825 902 1888 aliud
916 1847 1012 1907 quam
1027 1826 1067 1887 ad
1081 1825 1204 1887 bellum
1218 1825 1434 1888 uocabantur?

282 1950 418 2012 cumque
445 1933 670 1994 damnatorum
702 1931 824 1994 ciuium
856 1933 943 1994 bona
975 1927 1144 1992 addicente
1172 1914 1264 1992 Sulla
1290 1931 1436 2012 quamuis

282 2035 365 2097 male
381 2045 476 2117 capta
489 2035 557 2098 iure
573 2046 681 2098 tamen
696 2047 900 2111 tenerentur,
918 2033 1068 2116 repetitio
1087 2056 1198 2099 eorum
1212 2037 1325 2117 procul
1339 2037 1437 2100 dubio

282 2141 494 2204 labefactabat
509 2140 702 2222 compositae
725 2140 868 2204 ciuitatis
883 2150 1015 2205 statum.
1041 2140 1231 2221 expediebat
1253 2163 1328 2224 ergo
1344 2143 1436 2225 quasi
1460 2155 1491 2204 15

283 2266 394 2328 aegrae
417 2246 606 2327 sauciaeque
628 2244 674 2307 rei
703 2244 853 2327 publicae
875 2245 1036 2327 quiescere
1057 2247 1372 2328 quomodocumque,
1396 2271 1438 2311 ne

286 2351 418 2414 uolnera
432 2351 596 2414 curatione
611 2349 680 2436 ipsa
695 2349 961 2414 rescinderentur.
987 2371 1061 2432 ergo
1076 2371 1150 2412 eum
1165 2351 1301 2414 turbidis
1316 2352 1437 2414 contio-

283 2456 380 2520 nibus
397 2441 488 2520 uelut
504 2457 636 2521 classico
651 2457 817 2520 ciuitatem
833 2456 1015 2532 terruisset,
1040 2456 1201 2538 profectus
1224 2455 1258 2517 in
1275 2456 1438 2520 Etruriam

284 2584 373 2624 arma
386 2562 462 2626 inde
477 2573 510 2626 et
525 2563 700 2626 exercitum
715 2561 787 2624 urbi
803 2562 1006 2624 admouebat.
1035 2562 1091 2624 sed
1105 2560 1170 2642 iam
1182 2561 1349 2625 Muluium
1359 2585 1439 2647 pon-

285 2678 350 2731 tem
366 2668 543 2751 collemque
555 2668 740 2733 Ianiculum
752 2666 903 2731 Lutatius
915 2667 1051 2730 Catulus
1062 2667 1240 2750 Gneusque
1253 2668 1439 2750 Pompeius,
1460 2681 1493 2731 2⁰

285 2772 437 2859 Sullanae
453 2773 681 2842 dominationis
697 2776 793 2837 duces
810 2783 906 2855 atque
928 2771 1093 2855 signiferi,
1116 2774 1180 2836 alio
1200 2773 1343 2836 exercitu
1357 2773 1440 2838 inse-

285 2879 409 2940 derant.
436 2899 455 2939 a
477 2878 595 2960 quibus
615 2878 719 2962 primo
741 2879 852 2940 statim
873 2877 999 2961 impetu
1013 2889 1098 2941 retro
1112 2879 1227 2962 pulsus
1243 2879 1442 2962 hostisquea

286 2993 401 3044 senatu
415 2981 576 3044 iudicatus
597 2982 767 3044 incruenta
787 2982 865 3062 fuga
887 2982 1070 3057 Etruriam,
1094 2983 1170 3044 inde
1191 2983 1374 3047 Sardiniam
1394 3007 1441 3048 re·

286 3086 401 3162 cessit,
430 3085 539 3167 ibique
562 3087 673 3148 morbo
695 3097 727 3148 et
748 3085 948 3168 paenitentia
973 3085 1107 3148 interiit.
1137 3086 1276 3150 uictores
1303 3113 1441 3174 quoque,

287 3193 374 3275 quod
385 3214 450 3255 non
467 3189 665 3254 temerealias
677 3190 711 3252 in
728 3190 879 3266 ciuilibus
893 3189 1000 3265 bellis,
1017 3191 1118 3272 partis
1134 3193 1280 3255 contenti
1294 3195 1436 3259 fuerunt.
1463 3208 1495 3257 25

292 3515 454 3569 lTermeste
466 3517 529 3570 Vlia
546 3515 657 3586 carpsi.-
687 3521 808 3586 tergaest
819 3533 882 3568 cum
898 3527 932 3578 Β,
953 3515 1130 3568 termestudia
1146 3516 1192 3588 ΒΗ
1205 3517 1323 3570 auiume
1333 3530 1353 3572 Β
1365 3517 1375 3589 ΗΗ
1388 3521 1403 3570 2
1416 3518 1445 3570 in

287 3619 330 3653 cm
341 3613 360 3653 Β
373 3603 382 3672 Η
395 3614 491 3670 paces
503 3603 512 3672 ΗΗ
525 3601 648 3672 hispanie
661 3602 676 3653 b
689 3600 698 3671 ΗΗ
713 3606 726 3652 7
747 3608 879 3671 quantum
898 3600 1006 3670 lateque
1024 3598 1070 3652 fax
1089 3612 1115 3651 N
1124 3600 1133 3670 ΗΗ
1148 3603 1163 3652 8
1182 3600 1258 3654 sillae
1275 3613 1296 3655 Β
1308 3603 1317 3672 ΗΗ
1330 3603 1445 3672 cupidus

288 3703 404 3756 namque
415 3704 505 3740 rerum
517 3699 543 3739 N
553 3687 561 3757 ΗΗ
575 3691 590 3739 9
604 3692 664 3738 acta
675 3706 717 3739 om
728 3699 748 3738 Β
761 3686 769 3756 ΗΗ
782 3703 825 3738 res
844 3683 997 3738 rescindere
1013 3697 1033 3737 Β
1046 3684 1054 3754 Η
1069 3688 1098 3736 11
1121 3685 1190 3755 sylla
1207 3687 1248 3755 ΒΗ
1264 3690 1294 3738 12
1314 3688 1383 3740 aliut
1400 3688 1445 3756 ΝΗ

291 3774 321 3822 13
335 3771 396 3822 silla
406 3783 427 3822 Β
439 3769 447 3839 ΗΗ
463 3776 493 3823 14
506 3773 595 3842 capita
606 3784 630 3826 N
641 3773 650 3842 ΗΗ
663 3777 820 3824 tenerentur
832 3768 925 3822 addai
934 3775 1041 3822 ouctm
1051 3771 1183 3824 Dukeroe
1202 3789 1244 3822 om
1255 3771 1319 3840 ΒΒΗ
1331 3770 1446 3840 repetita

228 3885 234 3894 ·
288 3869 307 3908 Β
320 3855 329 3924 ΗΗ
346 3860 376 3907 15
389 3855 565 3924 compositam
578 3856 717 3910 ciuitatem
728 3867 753 3907 N
763 3855 772 3924 ΗΗ
786 3852 893 3906 ciuitati
903 3867 923 3907 Β
936 3853 945 3924 ΗΗ
961 3857 991 3908 16
1003 3855 1171 3925 requiescere
1190 3867 1215 3906 N
1225 3855 1234 3923 Η
1246 3873 1281 3907 ne
1298 3872 1340 3906 om
1355 3866 1376 3904 Β
1388 3854 1398 3922 Η
1412 3855 1443 3904 17

290 3940 404 3994 uulnera
420 3952 440 3992 B
453 3938 461 4008 ΗΗ
475 3940 549 3992 cutio
567 3940 625 4010 ipsa
636 3952 655 3993 Β
668 3941 677 4010 Η
690 3938 807 3993 turbinis
819 3950 845 3990 N
855 3939 864 4009 ΗΗ
880 3942 911 3992 18
928 3940 1030 3994 etmria
1046 3940 1087 4009 ΒΗ
1103 3944 1132 3992 19
1151 3945 1179 3991 et
1196 3956 1239 3990 om
1256 3951 1277 3992 Β
1290 3936 1298 4007 ΗΗ
1317 3936 1445 3988 admoue-

289 4032 331 4080 rat
349 4039 374 4079 N
385 4026 393 4095 ΗΗ
408 4029 439 4078 20
460 4027 541 4080 latius
559 4039 578 4078 Β
591 4026 599 4095 ΗΗ
619 4029 650 4078 21
670 4025 789 4096 syllanae
814 4017 878 4093 ΒΝΗ
899 4025 1096 4080 dominationes
1118 4036 1138 4076 Β
1150 4023 1159 4092 ΗΗ
1178 4021 1327 4075 insiderant
1343 4021 1390 4091 ΒΗ
1411 4025 1445 4076 22

290 4111 430 4181 hostisque
452 4119 592 4165 conctusa
605 4110 613 4180 Η
628 4115 660 4164 24
672 4108 839 4181 paenitentia
850 4110 1006 4180 pestilentia
1024 4107 1128 4162 interiit
1144 4119 1170 4159 N
1184 4106 1194 4176 Η
1213 4123 1322 4177 quoque
1339 4124 1382 4158 om
1400 4106 1445 4177 ΝΗ

290 4199 322 4247 25
335 4195 419 4264 partis
436 4195 647 4248 Memnonias.-
661 4195 734 4265 pacis
745 4205 778 4258 Β,
798 4210 864 4263 pace
881 4208 908 4249 N
925 4197 933 4267 ΗΗ
948 4201 1012 4266 port
1026 4194 1137 4247 luerunt
1155 4193 1187 4244 L·
1209 4192 1319 4245 Anum·
1341 4191 1444 4245 Fbom·

289 4281 642 4335 serrone-oernoLrvro
654 4293 800 4336 cremon·
815 4283 879 4336 Lur-
894 4293 941 4335 111·
956 4280 1074 4334 Juerrrr
1086 4278 1141 4332 Lra
1154 4289 1206 4332 1111
1220 4278 1388 4332 Fachrrea
1398 4275 1444 4346 Nl
