3300 5084
670 287 867 358 pomnen.
1240 302 1361 357 xxvn

190 465 268 527 ordo
284 485 435 538 romono,
461 463 528 525 illio
549 484 716 526 romanam
738 465 846 527 orbem
861 466 1048 546 praebeant:
1080 485 1173 548 porro
1195 465 1261 528 PR
1282 475 1360 528 nota

192 569 338 632 adhibito
352 567 416 630 fuit
431 570 472 631 ad
485 569 644 650 populum
658 570 845 632 Romanum
860 569 1109 652 significandum
1119 570 1210 633 nullo
1225 591 1359 632 casuum

190 674 375 738 discrimine
390 674 486 736 facto.
511 673 620 756 itaque
635 696 657 757 p
676 683 747 751 111,
765 684 802 738 15
818 676 853 738 in
868 682 906 739 N
917 686 1002 738 reete
1017 675 1172 757 seriptum
1185 685 1234 737 est
1242 676 1360 756 populi

188 779 326 855 romoni,
345 779 380 841 in
395 787 424 841 B
438 801 514 842 uero
527 780 668 861 populns
683 800 844 844 romanus.
869 803 966 864 quam
987 779 1226 864 neglegentiam
1245 791 1357 864 postea

190 885 288 948 etiam
303 885 565 968 interpolationes
580 885 741 968 peperisse
755 908 852 949 nemo
864 887 1047 950 mirabitur.
1085 908 1107 969 p
1133 891 1205 963 123,
1223 891 1241 945 9
1258 885 1356 968 scrip·

191 1002 261 1053 tum
271 990 340 1054 fuit
360 991 498 1054 formula
519 991 637 1054 totiens
660 993 787 1055 aFloro
802 993 923 1056 usitata
936 990 1087 1055 uictorem
1105 991 1247 1074 pontium
1267 992 1354 1065 PR,-

181 1107 359 1178 ,postquam
374 1097 439 1158 PR
461 1117 480 1158 a
500 1096 630 1159 librario
651 1098 773 1160 lentum
794 1098 857 1160 fuit
876 1097 993 1180 populi
1012 1097 1140 1159 romani
1157 1117 1355 1178 consequens

187 1212 255 1264 erat
269 1223 327 1284 pro
343 1201 492 1264 uictorem
510 1202 645 1265 seribere
660 1203 828 1268 niotoriom
843 1203 930 1265 utin
952 1199 993 1267 N
1007 1204 1129 1266 factum
1151 1212 1211 1265 est.
1243 1203 1356 1264 eodem

172 1309 282 1370 modo
296 1317 466 1390 peceatum
481 1318 530 1379 est
544 1308 580 1370 in
594 1317 659 1392 Bp
676 1316 729 1385 24,
748 1316 807 1384 28,
831 1309 890 1371 ubi
911 1331 985 1372 eum
1006 1308 1155 1371 librarius
1176 1307 1355 1370 inuenisset

186 1414 337 1476 uictorem
353 1414 419 1474 PR
435 1421 467 1474 et
482 1413 612 1496 legisset
625 1415 744 1497 populi
757 1415 901 1491 romani,
926 1416 1063 1498 uerbum
1081 1413 1238 1476 excidisse
1264 1422 1354 1475 retus

185 1521 272 1581 unde
287 1529 382 1602 aptus
405 1529 488 1580 esset
509 1519 698 1600 genetiuus,
730 1520 858 1603 scripsit
877 1521 1028 1584 uictorem
1050 1518 1221 1582 exereitum
1239 1516 1357 1599 popul·

174 1624 322 1688 'romani
345 1646 409 1706 qua
424 1624 648 1688 obseruatione
663 1647 742 1689 usus
758 1649 831 1688 sum
846 1629 886 1688 ad
906 1626 1123 1692 coniecturam
1137 1626 1177 1688 de
1192 1623 1262 1684 loeo
1276 1643 1353 1704 quo·

185 1732 260 1793 dam
276 1729 469 1814 faciendam,
487 1750 568 1810 quae
583 1731 692 1794 neseio
709 1753 751 1793 an
765 1731 863 1793 nimis
878 1733 984 1793 audax
992 1730 1185 1812 quibusdam
1192 1727 1350 1789 indentur.

185 1836 306 1898 etenim
320 1859 342 1921 p
361 1845 411 1915 38,
433 1847 469 1900 15
486 1839 565 1900 haee
579 1837 614 1898 in
629 1844 658 1898 B
672 1836 826 1918 leguntur

269 1944 416 2026 qnomnis
433 1953 498 2007 tum
509 1945 621 2026 pudor
635 1941 750 2004 seruili
756 1948 921 2024 pnpnaret
935 1939 1074 2003 enereitn

183 2069 264 2130 quae
279 2049 325 2112 ita
340 2049 438 2112 tradit
453 2055 491 2112 N

245 2229 248 2235 Ι
269 2156 417 2237 qnnmno's
434 2164 500 2218 tom
515 2179 533 2218 o
541 2158 653 2238 pudor
667 2177 780 2218 manno
796 2154 912 2218 seruili
917 2163 1090 2238 pnpnoret.
1167 2197 1180 2214 0

183 2248 296 2342 atquin
311 2262 424 2324 nullus
440 2261 494 2323 hio
509 2262 624 2343 pudori
639 2263 728 2324 loeus
744 2283 812 2323 esse
827 2261 975 2335 uidetur,
1001 2260 1058 2322 nbi
1080 2259 1187 2322 omnia
1209 2258 1351 2321 reserun-

184 2375 237 2426 tur
265 2361 353 2453 quoe'-
373 2367 485 2449 populi
514 2368 654 2430 Romani
674 2368 789 2429 fortem
811 2359 844 2428 et
865 2376 1011 2427 tenacem
1031 2364 1187 2446 propositi
1208 2363 1354 2425 animum

184 2480 281 2551 etque
305 2465 505 2532 ‘horribilem
526 2465 688 2534 fiduciam²
717 2479 894 2547 testantu13
933 2490 1038 2550 neque
1059 2489 1137 2530 nero
1163 2469 1352 2550 pudendum

184 2583 252 2635 erat
267 2595 377 2636 eorum
392 2574 550 2636 auxilium
565 2575 622 2657 qui
638 2569 691 2637 ‘de
707 2573 808 2636 seruis
824 2595 857 2636 se
872 2573 992 2635 uirtute
1007 2574 1171 2635 Romanos
1187 2564 1348 2634 feeerout’.

153 2697 154 2700 ’
185 2677 309 2739 aceedit
324 2681 409 2760 qnod
424 2679 538 2742 Florus
559 2701 581 2762 p
600 2687 650 2755 15,
671 2688 683 2741 1
710 2701 815 2761 neque
835 2679 944 2761 pudor
963 2699 1070 2761 neque
1092 2701 1109 2739 o
1123 2679 1234 2760 pndor
1253 2658 1349 2752 dixit',

184 2787 298 2846 uerum
312 2805 377 2866 pro
391 2788 511 2868 pudor.
550 2785 659 2868 itaque
681 2784 749 2847 ueri
765 2784 904 2867 speciem
919 2783 1036 2847 habere
1051 2783 1133 2846 mibi
1147 2784 1219 2847 uiso
1233 2793 1282 2846 est
1296 2804 1349 2846 su·

183 2888 301 2971 spicio,
333 2891 486 2954 lectiones
508 2894 618 2973 pudor
653 2902 687 2954 et
715 2915 732 2954 o
754 2893 865 2974 pudor
891 2912 1004 2953 manns
1025 2893 1177 2965 suadere,
1195 2888 1350 2971 seriptum

182 2995 280 3059 fuisse
296 2996 373 3060 olim
384 2998 522 3080 populos
537 3019 704 3073 romanus,
730 3000 813 3080 quod
830 3019 928 3080 quam
941 2995 1085 3080 grauiter.
1097 3005 1261 3077 repetatur
1275 3005 1350 3057 onte

181 3102 295 3164 sernn'li
308 3103 450 3184 enenoitn
462 3125 527 3166 non
544 3104 693 3186 estquod
714 3124 875 3166 moneam.
901 3102 1018 3165 deinde
1029 3101 1130 3183 imper
1141 3101 1239 3163 etiam
1250 3100 1349 3182 serip-

183 3216 253 3268 tum
268 3207 366 3271 fuisse
382 3207 511 3272 uidetur
524 3231 582 3292 pro
607 3209 714 3272 uerbis
740 3208 908 3290 imperinm
934 3219 1030 3290 atque
1052 3206 1244 3288 imperator,
1277 3206 1349 3289 esp

186 3319 263 3386 113,
298 3322 346 3376 15.
367 3314 477 3395 itaque
506 3335 581 3376 eum
612 3335 635 3396 p
666 3319 718 3389 63,
754 3323 767 3376 1
806 3313 961 3395 seriptum
995 3311 1111 3375 fnisset
1147 3312 1275 3374 interim
1290 3334 1349 3393 pe·

182 3412 305 3491 ridone,
322 3417 358 3479 id
371 3419 407 3479 in
421 3427 451 3480 B
465 3418 512 3480 ita
526 3428 713 3500 corruptum
728 3429 776 3481 est
784 3419 867 3480 inter
882 3419 984 3499 imper
997 3417 1165 3498 imperinm
1180 3419 1288 3489 donee,
1298 3437 1348 3477 ao·

182 3523 315 3584 cedente
330 3522 520 3604 repetitione
536 3525 709 3586 earundem
724 3524 916 3596 litterarum,
933 3543 998 3603 qua
1010 3521 1095 3582 nihil
1116 3521 1151 3581 in
1166 3520 1227 3582 hoo
1241 3520 1350 3582 codiee

181 3627 381 3710 frequentius
397 3638 456 3690 est.
481 3627 557 3690 inde
573 3629 801 3710 explicandum
815 3627 945 3690 uidetur
959 3629 1043 3709 quod
1058 3648 1080 3709 p
1097 3631 1149 3701 89,
1168 3633 1186 3686 2
1201 3646 1259 3708 pro
1274 3625 1349 3688 sim-

180 3732 259 3816 plio'i
275 3733 496 3816 imperatorin
511 3739 549 3796 N
560 3733 679 3816 legitur
701 3734 798 3797 miser
816 3733 998 3816 inperator.
1037 3732 1139 3816 imper
1157 3731 1244 3794 enim
1261 3742 1348 3815 post·

182 3859 279 3922 quam
300 3849 486 3924 corruptum
503 3827 561 3902 'est
586 3839 622 3902 in
647 3840 744 3902 molter
768 3851 880 3922 postea
902 3850 1038 3923 utruque
1060 3839 1155 3902 lectio
1176 3838 1349 3902 coniuncta

126 3979 129 3984 ·
182 3956 247 4020 est3
267 3968 330 4028 quo
346 3948 385 4008 de
400 3967 518 4028 genere
531 3945 597 4009 iam
612 3947 735 4010 dietum
751 3956 810 4009 est.
836 3956 969 4028 apparet
983 3945 1049 4007 iam
1071 3967 1168 4028 quam
1189 3945 1350 4028 probabili

182 4051 365 4114 coniectura
385 4051 553 4132 Hauptius
577 4074 598 4135 p
622 4059 673 4129 43,
700 4060 737 4114 27
767 4050 986 4116 emendauerit
1012 4050 1185 4132 imperator
1204 4051 1353 4114 Annibal

181 4177 238 4238 pro
254 4179 291 4220 eo
307 4159 393 4240 quod
407 4163 473 4220 BN
491 4158 612 4221 habent
627 4159 725 4222 miser
739 4157 902 4233 Annibal,
928 4156 961 4218 id
977 4158 1063 4237 quod
1078 4178 1116 4218 eo
1135 4154 1206 4219 loeo
1219 4178 1350 4238 prorsus

181 4261 328 4344 ineptum
343 4272 392 4326 est
400 4287 409 4338 3
428 4273 461 4325 et
477 4285 553 4326 sane
569 4285 640 4327 eom
655 4264 795 4347 recipere
811 4265 994 4326 debueram.
1013 4261 1151 4344 denique
1165 4283 1188 4344 p
1205 4271 1235 4337 7,
1257 4268 1294 4323 13
1310 4280 1350 4321 ex

179 4387 265 4444 onom,
283 4370 369 4450 qnod
384 4378 452 4430 erat
466 4369 606 4445 nomine,
629 4371 816 4433 factumest
836 4390 910 4431 non.
941 4368 998 4431 sed
1018 4367 1094 4429 nolo
1117 4367 1198 4430 haec
1221 4364 1351 4445 longius
