3300 5084
470 325 619 374 nemone
634 329 659 384 1,
679 318 720 370 17.
741 318 782 370 ta.
803 307 843 392 [1,
860 319 903 370 26.
922 328 962 383 11,
981 318 1006 370 1.
1024 308 1066 393 2].
1308 310 1348 372 29

276 477 382 559 Igitur
397 475 500 539 uictor
511 476 626 539 Italiae
640 477 778 559 populus
793 477 960 540 Romanus
972 479 1099 540 eumad
1112 478 1230 541 fretum
1245 499 1345 560 usque
1358 499 1397 554 11,
1413 478 1432 538 2
1499 525 1503 531 .

203 581 364 655 uenisset,
388 602 475 644 more
490 563 593 661 ignis,
618 581 674 663 qui
689 590 820 643 cunctas
836 582 1008 663 populatus
1022 581 1171 644 incendio
1186 581 1284 646 siluas
1299 582 1348 646 in·

203 685 402 748 terueniente
418 684 552 746 flumine
573 671 791 766 abrumpitur,
814 685 977 766 paulisper
1000 685 1153 748 substitit.
1178 708 1255 749 mox
1275 709 1350 750 cum

202 790 326 852 uideret
342 788 617 871 opulentissimam
638 789 674 851 in
694 789 840 871 proximo
854 791 1006 871 praedam
1020 792 1159 871 quodam
1172 793 1267 853 modo
1283 793 1348 854 Ita-

167 909 182 956 5
201 895 264 956 liae
280 915 355 956 suae
371 893 527 956 abscisam
542 904 574 956 et
589 893 680 975 quasi
694 893 874 969 reumsam‘,
891 895 971 957 adeo
985 895 1160 977 cupiditate
1176 893 1244 956 eius
1259 916 1348 957 exar-

202 999 244 1061 sit
258 1008 314 1073 ut,
339 1008 497 1079 quatenus
512 1019 571 1060 nec
585 1000 669 1066 mole
684 995 776 1080 iungi
790 1019 851 1060 nec
864 998 1016 1080 pontibus
1031 1008 1155 1080 posset,
1172 998 1268 1061 armis
1281 998 1348 1062 bel-
1411 985 1414 988 ⁴

201 1104 295 1186 loque
310 1103 475 1184 iungenda
490 1112 522 1164 et
537 1103 578 1164 ad
592 1101 812 1165 continentem
827 1125 919 1165 suam
933 1104 1113 1166 reuocanda
1125 1103 1211 1165 bello
1226 1103 1348 1166 uidere·

202 1219 265 1269 tur.
296 1209 352 1269 sed
379 1229 470 1280 ecce,
494 1208 580 1269 ultro
600 1207 679 1288 ipsis
702 1206 790 1268 uiam
809 1202 1029 1289 pandentibus
1045 1207 1119 1270 fatis
1144 1229 1205 1270 nec
1226 1209 1349 1274 occasio

203 1312 323 1385 defuit,
346 1332 421 1372 cum
441 1311 480 1373 de
495 1313 678 1374 Poenorum
697 1310 879 1392 inpotentia
901 1312 1062 1388 foederata
1084 1311 1221 1374 Siciliae·
1233 1313 1348 1377 ciuitas

152 1425 184 1475 10
205 1415 355 1476 Messana
369 1426 561 1496 quereretur.
587 1415 766 1477 adfectabat
789 1426 898 1477 autem
912 1426 950 1478 ut
964 1418 1130 1478 Romanus
1152 1416 1199 1479 ita
1219 1419 1347 1481 Poenus

204 1518 358 1594 Siciliam,
386 1530 418 1581 et
438 1521 551 1582 eodem
577 1529 720 1600 tempore
745 1519 877 1600 paribus
903 1530 1038 1600 uterque
1059 1518 1144 1582 uotis
1167 1541 1203 1582 ac
1224 1520 1347 1585 uiribus

201 1621 371 1704 imperium
391 1624 474 1686 orbis
498 1622 650 1704 agitabat.
675 1622 775 1704 igitur
798 1623 903 1704 specie
925 1622 1056 1704 quidem
1074 1623 1177 1684 socios
1198 1624 1345 1712 iuuandi,

199 1749 232 1788 re
247 1738 355 1790 autem
367 1726 559 1790 sollicitante
570 1727 699 1806 praeda,
713 1746 907 1806 quamquam
918 1725 1076 1786 territaret
1087 1725 1214 1789 nouitas
1225 1729 1284 1803 rei,
1301 1740 1347 1792 ta·

200 1853 274 1894 men
296 1867 337 1878 -
360 1840 451 1892 tanta
466 1830 501 1889 in
516 1828 638 1889 uirtute
653 1826 772 1888 fiducia
786 1836 835 1888 est
851 1863 890 1874 -
905 1827 961 1888 ille
983 1826 1071 1889 rudis
1079 1873 1090 1902 ,
1114 1827 1169 1891 ille
1190 1833 1348 1911 pastorius

150 1947 181 1996 15
202 1936 341 2017 populus
357 1953 494 2013 uereque
511 1940 658 1993 terrester
672 1930 813 1992 ostendit
826 1930 910 1992 nihil
925 1931 1078 1993 interesse
1093 1930 1242 2009 uirtutis,
1258 1935 1348 2015 equis

201 2060 243 2099 an
258 2037 409 2110 nauibuS,
427 2046 509 2097 terra
524 2056 565 2097 an
579 2034 660 2096 mari
675 2033 851 2097 dimicaret.

162 2142 187 2203 Ι
286 2135 412 2223 “Appio
428 2140 564 2203 Claudio
579 2141 709 2202 consule
723 2139 865 2221 primum
878 2141 997 2204 fretum
1011 2141 1173 2224 ingressus
1194 2151 1243 2204 est
1257 2139 1346 2204 fabu-

201 2245 276 2309 losis
301 2245 421 2330 infame
446 2244 597 2308 monstris
624 2256 777 2327 aestuque
804 2245 985 2309 uiolentu'm
993 2293 1004 2322 ,
1034 2249 1090 2310 sed
1111 2248 1190 2309 adeo
1210 2267 1276 2307 non
1299 2254 1348 2306 est

201 2350 390 2427 exterritus,
406 2353 448 2412 ut'
458 2351 548 2413 illam
564 2349 667 2431 ipsam
681 2350 803 2412 ruentis
820 2361 926 2414 aestus
941 2350 1130 2412 uiolentiam
1144 2371 1201 2432 pro
1215 2370 1347 2410 munere

147 2466 180 2515 20
200 2456 455 2537 amplecteretur,
472 2456 558 2536 quod
572 2454 725 2516 uelocitas
738 2452 873 2514 nauium
887 2453 968 2515 mari
982 2453 1158 2531 inderetur,
1176 2451 1348 2532 statimque

201 2581 237 2620 ac
252 2560 321 2621 sine
335 2580 424 2621 mora
435 2559 616 2620 Hieronem
628 2551 868 2638 SyracuSanum
882 2565 976 2617 tanta
990 2556 1151 2618 celeritate
1166 2555 1297 2630 deuicit,
1310 2565 1348 2617 ut

201 2661 256 2722 ille
271 2662 339 2743 ipse
353 2663 442 2743 prius
458 2684 491 2724 se
506 2661 630 2724 uictum
645 2680 742 2741 quam
755 2659 883 2720 hostem
898 2658 1022 2722 uideret
1037 2660 1200 2722 fateretur.

265 2761 389 2828 Duillio
397 2765 607 2846 Cornelioque
617 2762 802 2825 consulibus
810 2762 908 2824 ctiam
921 2764 1002 2826 mari
1009 2764 1159 2846 congredi
1175 2785 1271 2825 ausus
1286 2774 1344 2826 est.

200 2881 270 2931 tum
286 2869 415 2951 quidem
429 2869 499 2951 ipsa
513 2868 666 2931 uelocitas
679 2853 788 2930 classis
801 2879 990 2949 conparatae
1001 2868 1155 2932 uictoriae
1170 2867 1349 2949 auspicium

146 2985 179 3036 25
199 2975 272 3036 fuit
294 2974 380 3036 intra
394 2973 482 3036 enim
496 2972 732 3055 sexagesimum
747 2971 833 3034 diem
847 2994 944 3054 quam
956 2995 1049 3036 caesa
1061 2971 1145 3035 silua
1157 2972 1261 3044 fuerat
1275 2994 1348 3034 cen-

199 3089 270 3141 tum
278 3079 445 3161 sexaginta
457 3079 592 3142 nauium
605 3077 756 3140 classisin
764 3075 911 3138 anchoris
923 3077 1024 3152 stetit,
1041 3087 1151 3139 utnon
1158 3087 1225 3138 arte
1232 3076 1346 3152 factae,
1381 3157 1384 3162 Ι

198 3185 254 3245 sed
269 3181 407 3264 quodam
421 3205 552 3246 munere
568 3184 699 3244 deorum
714 3201 887 3243 conuersae
908 3179 944 3240 in
964 3200 1064 3240 naues
1088 3180 1191 3261 adque
1205 3189 1348 3242 mutatae

200 3288 324 3350 arbores
340 3287 536 3349 uiderentur.
561 3285 674 3368 proelii
689 3306 765 3346 uero
779 3284 883 3345 forma
897 3282 1071 3357 mirabilis,
1089 3303 1163 3344 cum
1177 3284 1250 3346 illas
1266 3284 1346 3345 cele-

201 3389 244 3450 ris
259 3391 468 3470 uolucresque
482 3388 625 3451 hostium
639 3409 739 3449 naues
754 3387 814 3451 hae
830 3406 944 3466 graues
967 3386 1137 3467 tardaeque
1153 3386 1347 3467 conprehen-
1388 3455 1391 3460 ,

146 3506 179 3554 30
199 3494 322 3554 derant.
347 3492 443 3572 longe
464 3491 529 3553 illis
550 3489 697 3552 nauticae
712 3499 795 3552 artes
810 3490 996 3568 detorquere
1026 3510 1129 3552 remos
1145 3501 1177 3553 et
1192 3489 1350 3552 ludificari

201 3735 210 3782 l
228 3747 289 3783 cum
301 3746 318 3781 a
329 3736 401 3782 terra
411 3728 511 3781 fretum
518 3727 694 3796 'usquenisset
704 3738 730 3779 N
745 3726 754 3795 ll
775 3730 790 3778 2
803 3728 850 3796 qui
862 3727 958 3780 obuias
970 3728 1117 3797 populatus
1127 3738 1152 3778 N
1162 3727 1171 3795 ll
1185 3730 1200 3776 5
1212 3724 1348 3778 reuulsam

115 3853 118 3858 -
158 3826 160 3834 ¹
197 3827 217 3866 B
229 3815 238 3883 ll
252 3819 267 3866 6
280 3821 413 3883 quatenus
425 3829 475 3864 nec
487 3828 559 3864 mare
572 3817 600 3864 et
619 3828 669 3864 nec
681 3810 752 3862 mole
770 3822 795 3862 N
805 3812 814 3881 l
827 3812 914 3882 possit
931 3823 957 3864 Ν
966 3812 975 3880 ΙΙ
990 3817 1004 3864 7
1023 3810 1187 3880 iungendam
1205 3820 1231 3861 Ν
1241 3809 1250 3879 ΙΙ
1269 3825 1349 3860 suum

197 3910 222 3950 Ν
232 3899 241 3967 l
254 3896 433 3950 reuocandam
444 3908 470 3948 Ν
480 3896 489 3965 ΙΙ
502 3897 517 3946 8
530 3901 559 3948 et
570 3911 631 3947 ecce
643 3912 658 3946 e
670 3894 742 3946 ultro
760 3906 786 3946 Ν
801 3896 810 3964 ll
832 3899 862 3947 13
882 3896 1043 3949 sollicitante
1060 3894 1184 3964 praedam
1205 3892 1236 3955 b,
1250 3891 1349 3944 sollici·

132 4041 135 4048 Ι
198 3981 273 4033 tandi
285 3981 385 4050 praeda
395 3994 414 4033 N
427 3981 436 4050 ll
451 3984 482 4031 14
495 3984 571 4032 tanta
582 3985 672 4032 tamen
684 3977 780 4045 scrqasi
785 3999 795 4030 .-
812 3985 903 4032 tamen
914 3987 990 4033 tanta
1000 3991 1043 4032 BN
1055 3979 1064 4047 ll
1076 3976 1187 4029 fuducia
1197 3988 1217 4028 B
1230 3977 1238 4045 ll
1255 3979 1283 4027 17
1297 3975 1349 4027 fra·

199 4070 257 4116 tum
269 4071 327 4116 tum
338 4076 364 4116 N
380 4064 389 4133 ll
410 4068 440 4116 18
453 4064 522 4115 fame
535 4073 562 4126 l,
581 4062 708 4114 infamem
721 4074 744 4115 N
756 4061 766 4131 ll
779 4062 925 4116 uiolentam
937 4075 962 4115 N
972 4063 981 4132 ss
997 4065 1027 4115 19
1040 4063 1125 4130 ipsam
1142 4060 1216 4112 illam
1231 4069 1269 4110 IN
1286 4058 1296 4126 ΙΙ
1316 4062 1349 4109 20

198 4147 271 4214 quod
285 4177 315 4186 —-
328 4148 467 4200 iuuaretur
479 4165 521 4199 om
532 4157 557 4197 N
567 4145 576 4214 ll
590 4148 620 4198 21
641 4147 832 4222 syracusanum
850 4163 941 4214 regem
959 4158 985 4197 N
995 4146 1005 4214 ΙΙ
1017 4145 1085 4197 uicit
1106 4155 1131 4195 N
1147 4143 1156 4210 ll
1176 4146 1208 4192 22
1229 4158 1257 4193 se
1274 4141 1349 4209 prius

198 4240 223 4280 N
233 4229 242 4296 ΙΙ
261 4233 293 4282 23
306 4231 331 4280 Α
343 4230 427 4282 duilio
439 4243 473 4293 N,
488 4229 588 4284 duellio
600 4241 616 4281 Ι
626 4229 635 4298 ll
649 4233 680 4280 24
694 4247 755 4284 cum
766 4231 810 4300 Nl]
823 4229 953 4283 uictoriae
965 4247 1007 4280 om
1016 4241 1041 4280 N
1058 4229 1067 4297 ΙΙ
1087 4229 1120 4279 28
1133 4226 1203 4278 fama
1214 4236 1239 4277 N
1252 4225 1261 4291 ll
1281 4223 1348 4274 cele·

198 4312 484 4380 resrrltaoartisbtl
