3300 5084
671 321 868 371 rnnnrn‘rro.
1173 339 1176 346 ·
1232 321 1354 379 XVIIII

188 485 324 558 utroque
339 473 447 538 codiee
462 473 624 556 antiquior
638 483 810 559 utrumque
820 485 822 492 ’
833 476 1014 560 oocupauit.
1031 478 1165 548 ‚horum
1184 500 1352 546 recensum

189 581 335 663 exemplo
356 579 479 662 insigni
500 581 654 662 aperiam.
693 604 716 664 p
738 588 790 658 20,
811 589 847 644 17
870 580 905 644 ln
920 585 1007 646 BIN
1022 582 1142 665 legitur
1171 584 1243 666 nisu
1257 597 1355 669 eaput

187 686 312 750 urbium
340 707 461 768 capua,
492 688 651 768 quondum
669 687 766 750 ‘inter
787 695 850 750 nes
872 686 1033 750 munimus
1051 709 1173 751 romam
1192 691 1364 776 eurtheqi-'

187 811 316 873 nemque
329 783 528 854 numerata'.
546 791 593 854 ita
607 791 772 854 neminem
782 791 871 872 loqui
882 796 986 873 posse,
997 794 1054 855 sed
1068 792 1241 856 dicendum
1254 782 1354 860 fuisse

188 917 257 958 eum
272 897 378 958 Reum
389 894 644 979 Onrtknqineque
658 906 725 959 tarn
740 906 887 977 apertum
893 906 954 970 est,
971 919 1070 978 quarn
1083 900 1149 960 dno
1163 898 1242 962 haeo
1258 922 1352 964 noea·

151 985 153 990 ,
186 1001 264 1062 bula
277 1001 417 1064 Romam
436 1000 723 1084 Ourthnyinemque
738 1002 777 1064 ab
794 1000 901 1082 aliquo
915 1001 1076 1086 adscripta
1091 1024 1160 1066 esse
1175 1002 1232 1085 qui
1246 1006 1351 1069 breui·

187 1115 235 1168 ter
250 1105 391 1167 indicare
412 1105 568 1180 uoluerit,
586 1125 742 1187 quasnam
757 1106 853 1168 urbes
868 1105 982 1169 Florus
997 1104 1203 1172 intellexerit.
1228 1111 1285 1172 sed
1303 1132 1353 1174 er·

186 1210 283 1277 rauit.
319 1210 433 1272 Florus
456 1209 543 1272 enim
565 1211 604 1272 de
624 1212 731 1282 Roma
753 1232 819 1273 non
834 1210 991 1293 cogitauit
1011 1221 1043 1274 et
1065 1220 1126 1274 tres
1147 1224 1273 1294 praeter
1287 1217 1353 1278 Ro·

185 1336 275 1379 mam
281 1313 436 1376 maximas
445 1315 539 1378 urbes
554 1314 623 1397 ipse
636 1322 719 1398 pol,
732 1321 749 1376 9
771 1314 1001 1398 Carthaginem
1008 1318 1152 1400 Capuam
1158 1318 1353 1385 Corinthum

186 1419 353 1494 nominat,
371 1417 557 1484 Ciceronem
568 1421 661 1485 haud
676 1419 772 1483 dubie
788 1430 935 1495 secutus,
952 1419 1063 1502 quide
1078 1422 1149 1504 lege
1163 1422 1288 1504 agraria
1301 1426 1351 1500 ΙΙ,

189 1531 242 1616 32,
263 1529 300 1586 87
315 1517 462 1586 ‘maiores
477 1518 596 1588 nostri'
620 1524 687 1600 ait,
708 1518 786 1588 ‘tres
808 1525 911 1615 selum
929 1525 1023 1586 urbes
1045 1525 1080 1588 in
1103 1527 1197 1591 terrm
1212 1529 1354 1594 omnum

189 1627 419 1712 Garumnam
438 1629 625 1696 Corinthum
650 1631 795 1710 Capuam
817 1637 1000 1694 statuerunt
1011 1651 1108 1711 posse
1130 1631 1260 1714 imperii
1276 1655 1353 1718 θνα·
1447 1645 1454 1654 ’

185 1733 318 1796 uiuum
333 1755 492 1798 nonomen
503 1728 689 1800 sustinere.
766 1789 769 1792 .

185 1861 207 1922 p
227 1843 279 1914 23,
306 1843 345 1900 26
358 1838 406 1902 in
433 1846 520 1904 BIN
539 1851 588 1904 est
614 1833 684 1902 ‘nee
706 1859 781 1901 uero
805 1845 932 1901 tantum
948 1837 1049 1902 armis
1071 1839 1156 1904 etin
1177 1862 1288 1922 eampo
1308 1853 1357 1908 set

186 1941 328 2006 consiliis
344 1964 465 2026 quoque
479 1953 511 2008 et
524 1943 612 2008 domi
625 1943 712 2006 intra
727 1944 835 2006 urbem
850 1964 921 2006 eum
935 1963 1009 2028 reqe
1021 1944 1152 2028 Pyrrhi
1167 1943 1354 2011 dimicatum

185 2040 260 2112 est'.
278 2047 332 2110 hie
346 2049 446 2112 uerba
460 2049 664 2114 intruurbem
675 2071 742 2112 non
753 2048 860 2112 solum
869 2069 998 2130 prorsus
1012 2070 1250 2132 superuacanea
1263 2061 1353 2127 sunt,

186 2155 245 2216 sed
253 2155 423 2218 uerborum
432 2157 600 2232 ambitum,
617 2154 664 2218 ita
678 2154 915 2220 conclusumut
926 2152 1033 2216 uerbis
1045 2154 1146 2220 armus
1156 2155 1232 2222 etin
1244 2175 1354 2239 eampo

185 2281 255 2322 non
268 2259 333 2322 nisi
353 2260 432 2322 haee
455 2260 519 2322 duo
540 2260 680 2323 consiliis
701 2269 732 2322 et
751 2243 838 2322 domi
855 2260 1047 2341 respondere
1069 2269 1211 2342 queant,
1238 2262 1354 2327 misere

172 2367 330 2452 turbant.
355 2366 463 2448 itaque
478 2386 545 2426 non
560 2365 695 2434 dubium
710 2374 758 2428 est
773 2365 853 2446 quin
866 2365 1020 2426 Dukerus
1026 2374 1111 2428 recte
1123 2363 1305 2445 suspicatus
1311 2366 1354 2430 sit

185 2471 275 2534 intra
291 2471 398 2532 urbem
411 2469 636 2551 explicationis
651 2471 868 2552 gratiauerbo
884 2468 972 2532 domi
988 2467 1127 2549 ascripta
1141 2489 1221 2530 esse.

185 2598 208 2658 p
227 2581 280 2649 49,
307 2581 345 2636 22
368 2580 453 2636 BIN
471 2573 518 2637 ita
541 2574 658 2654 legunt
674 2567 727 2634 ‘ne
750 2580 834 2636 metu
857 2574 964 2636 attan
986 2573 1130 2636 aemulae
1151 2572 1243 2637 urbis.
1262 2575 1354 2638 lunu-

186 2677 276 2744 riori
279 2675 428 2763 felicitas
443 2677 532 2742 urbis
548 2670 725 2758 tuameres.
743 2699 842 2759 quam
854 2679 987 2742 moleste
1000 2676 1089 2760 prius
1104 2677 1187 2740 illud
1201 2678 1290 2742 urbis
1305 2679 1355 2742 in-

186 2785 352 2848 culcatum
367 2784 427 2859 sit,
451 2785 537 2867 quod
559 2785 599 2846 ad
615 2783 841 2865 explicandum
856 2783 1052 2847 uocabulum
1065 2783 1210 2846 aemulae
1229 2795 1355 2866 praeter

187 2913 317 2955 omnem
331 2889 556 2954 nenessitatem
572 2888 717 2952 additum
733 2898 799 2964 est,
817 2898 902 2952 reete
917 2885 1019 2951 sensit
1034 2871 1287 2951 Freinshemius.

186 3021 208 3080 p
227 3005 277 3072 55,
299 3006 332 3060 11
352 2998 437 3079 quod
451 2995 486 3056 in
500 3000 567 3057 BN
578 2993 697 3076 legitur
709 2987 866 3077 ‘quodque
880 3014 969 3056 uerno
983 2992 1129 3056 uisurum
1150 3015 1184 3057 ae
1203 3015 1355 3077 umqemm

186 3110 376 3184 sperauerat
385 3101 528 3184 foetum,
546 3107 584 3162 ut
593 3099 760 3184 fuqientes
776 3097 999 3162 *Numantinos
1019 3097 1189 3180 quisquam
1209 3093 1354 3164 uideret'

187 3207 257 3270 sine
283 3207 381 3270 dubio
407 3202 637 3287 interpolatum
663 3213 722 3266 est.
762 3203 829 3266 iam
852 3205 995 3287 primum
1024 3203 1159 3265 uerbum
1184 3203 1354 3287 qm'squnm

73 3361 76 3366 .
185 3333 314 3394 prorsus
329 3310 438 3393 inepte
460 3309 601 3393 positum
622 3318 654 3372 et
677 3310 716 3370 ab
740 3309 847 3391 aliquo
867 3309 1014 3372 additum
1035 3318 1085 3370 est
1113 3307 1232 3390 quiex
1255 3311 1353 3372 uerbo

185 3438 275 3478 nemo
297 3416 333 3476 in
352 3416 455 3496 priore
476 3412 652 3488 enuntiato
672 3413 778 3494 posito
799 3435 976 3494 pronomen
997 3413 1239 3475 adfirmatiuum
1258 3416 1353 3476 adsu-

185 3540 274 3582 mere
288 3495 461 3580 neseieliat.
497 3519 552 3580 sed
573 3516 655 3578 illud
677 3537 803 3597 quoque
823 3537 980 3598 perquam
1000 3516 1135 3579 moleste
1157 3515 1353 3580 dictumest

181 3619 284 3709 ‘quod
302 3645 392 3686 nemo
413 3621 558 3684 uisurum
580 3642 613 3682 se
627 3628 816 3701 sperauerat
833 3621 983 3704 foetum,
1012 3628 1049 3683 ut
1062 3612 1214 3683 uideret’.
1242 3621 1352 3713 itaque

185 3733 285 3796 credo-
296 3729 394 3792 etiam
408 3729 507 3791 uerba
521 3724 666 3788 uisurum
676 3747 710 3788 se
725 3723 907 3806 explicandi
921 3746 1018 3801 cansa
1032 3725 1192 3808 adscripta
1206 3748 1287 3804 esse,
1304 3739 1352 3793 to·

186 3849 320 3918 tumque
335 3835 442 3898 locum
457 3833 503 3896 ita
523 3831 594 3914 legi
604 3851 697 3912 posse
717 3824 876 3914 ‘quodque
896 3851 985 3894 nemo
1000 3853 1150 3915 umquam
1164 3844 1353 3914 numanum

177 3944 328 4024 fantum,
347 3949 384 4003 ut
388 3924 555 4023 semirutos
569 3934 787 3998 Numantinos
803 3929 953 3999 uideret’.

185 4053 268 4128 p73,
279 4053 315 4110 21
334 4046 469 4108 uerbum
485 4041 624 4118 sustulit,
643 4040 729 4122 quod
744 4046 810 4104 BN
821 4040 954 4115 habent,
971 4039 1046 4102 ferri
1057 4061 1126 4104 non
1140 4051 1257 4122 potest.
1273 4065 1352 4108 nam

186 4171 261 4216 eum
276 4153 317 4214 ad
332 4151 431 4214 uerba
442 4143 672 4232 ‘quadruyintn
687 4143 812 4208 milium
819 4137 1103 4228 propuqnuntium'
1127 4165 1168 4208 ex
1190 4147 1351 4228 sequenti·

185 4256 247 4318 bus
261 4257 360 4318 uerba
374 4254 535 4318 iuuentute
550 4248 720 4314 subnixum
732 4249 917 4311 necessario⁴
926 4250 1125 4312 adsumenda
1145 4249 1231 4324 sint,
1254 4251 1289 4312 id
1304 4259 1351 4309 ta-

185 4381 261 4422 men
280 4361 377 4424 uerbo
403 4358 534 4422 sustulit
558 4356 604 4418 ita
629 4363 666 4415 ut
692 4353 815 4416 factum
842 4363 891 4415 est
914 4351 1104 4433 interposito
1130 4354 1200 4415 fieri
1225 4350 1348 4432 nequit.

1140 4450 1191 4501 ΙΙ*
