3300 5084
283 317 323 378 28
772 336 843 379 1vm
858 336 955 379 raom

284 485 393 566 itaque
403 493 539 545 nanctus
552 481 752 545 tribunatum
763 482 922 546 honorum
934 493 966 545 et
976 482 1223 565 magistratuum
1232 479 1427 548 consortium

287 587 433 672 quamuis
460 587 564 650 inuito
591 587 719 649 senatui
746 587 890 649 extorsit.

360 695 481 762 Verum
494 691 528 754 in
541 690 618 773 ipsis
631 690 841 754 seditionibus
852 691 1029 774 principem
1034 692 1191 774 populum
1202 713 1269 752 non
1281 689 1429 752 inmerito
1505 745 1510 758 ,

287 797 476 880 suspexeris.
496 795 663 877 siquidem
677 817 764 858 nunc
775 795 967 890 libertatem,
980 793 1068 858 nnnc
1079 796 1279 879 pudicitiam,
1290 806 1364 857 ⁴tum
1375 816 1430 857 na-

288 901 402 964 talium
417 899 625 982 dignitatem,
653 910 723 962 tum
737 900 896 962 honorum
910 903 1024 963 decora
1038 910 1071 962 et
1085 900 1225 982 insignia
1239 898 1431 974 sundicauit,
1452 911 1467 958 5

288 1005 433 1087 interque
440 1006 518 1066 haec
525 1003 633 1067 omnia
638 1004 759 1067 nullius
772 1004 874 1067 acrior
881 1014 987 1067 custos
1001 1003 1097 1086 quam
1107 992 1264 1066 libertatis
1271 1003 1346 1081 fuit,
1359 1004 1431 1065 nul·

288 1098 382 1191 laque
393 1110 428 1170 in
439 1108 579 1191 pretium
587 1109 655 1171 eins
663 1109 769 1190 potuit
779 1103 949 1191 largitione
960 1109 1131 1190 corrumpi,
1148 1130 1222 1170 cum
1230 1108 1431 1190 utinmagno

290 1214 372 1277 etin
387 1214 454 1276 dies
464 1214 587 1276 maiore
606 1214 725 1297 populo
744 1213 875 1276 interim
894 1212 1066 1296 perniciosi
1084 1212 1171 1276 ciues
1192 1213 1375 1276 existerent.
1393 1236 1429 1271 ss

289 1318 480 1401 largitione,
498 1318 646 1380 Cassium
660 1319 783 1401 agraria
797 1319 867 1402 lege
882 1313 1067 1400 suspectum
1083 1318 1188 1400 regiae
1206 1305 1433 1381 dominationis

290 1423 450 1506 praesenti
459 1433 562 1486 'morte
576 1424 739 1512 multauit.
758 1445 794 1486 ac
809 1425 849 1487 de
865 1419 980 1504 Spurio
993 1422 1122 1505 quidem
1136 1423 1330 1505 supplicium
1343 1434 1434 1505 pater
1454 1435 1486 1484 10

290 1529 390 1610 ipsius
399 1528 546 1610 sumpsit,
560 1529 648 1590 hunc
661 1520 807 1596 Quinctii
814 1528 977 1605 dictatqris
988 1527 1121 1609 imperio
1133 1527 1280 1590 inmedio
1287 1528 1354 1590 foro
1366 1549 1432 1590 ma-

268 1673 269 1676 =
290 1633 389 1716 gister
401 1632 544 1714 equitum
560 1633 715 1695 Seruilius
730 1633 836 1694 Ahala
848 1632 1000 1694 confodit.
1015 1631 1176 1695 Manlium
1190 1649 1267 1694 uero
1282 1632 1434 1713 Capitolii
1477 1704 1480 1713 ,

291 1735 469 1813 uindicem,
493 1736 568 1821 quia
582 1738 748 1820 plerosque
764 1737 944 1800 debitorum
957 1736 1147 1799 liberauerat
1161 1735 1257 1799 altius
1272 1747 1305 1798 et
1319 1737 1432 1798 inciui-

291 1843 354 1905 lius
370 1864 403 1905 se
419 1842 612 1916 efferentem,
629 1842 669 1903 ab
684 1841 741 1904 illa
755 1842 824 1924 ipsa
839 1864 935 1924 quam
950 1841 1133 1915 defenderat
1148 1857 1218 1903 arce
1233 1840 1357 1902 deiecit.

376 1946 463 2008 Talis
480 1946 566 2009 domi
580 1968 617 2008 ac
630 1946 726 2020 foris,
751 1946 825 2008 talis
847 1968 925 2027 pace
945 1946 1092 2028 belloque
1114 1946 1251 2028 populus
1267 1947 1432 2008 Romanus
1455 1959 1486 2007 15

216 2127 223 2136 β
290 2051 409 2113 fretum
423 2049 506 2111 illud
521 2048 767 2124 adulescentiae,
784 2049 818 2111 id
834 2060 883 2111 est
898 2050 1071 2112 secundam
1085 2047 1211 2132 imperii
1226 2060 1363 2113 aetatem
1377 2050 1433 2111 ha-

290 2152 374 2229 buit,
390 2153 426 2214 in
442 2174 506 2236 qua
520 2162 621 2216 totam
635 2151 719 2215 inter
733 2152 832 2234 Alpes
847 2152 1028 2234 fretumque
1041 2152 1171 2214 Italiam
1182 2153 1278 2216 armis
1294 2152 1431 2236 subegit.

475 2472 609 2538 XVIII.
634 2419 818 2537 BELLI'M
834 2472 1044 2537 PVNICVM
1060 2471 1259 2537 PRIMVM.

205 2755 246 2810 11,
266 2741 279 2795 l
295 2727 425 2791 Domita
441 2728 635 2807 subactaque
649 2724 746 2788 Italia
760 2724 898 2806 populus
920 2724 1086 2785 Romanus
1106 2744 1204 2804 prope
1226 2711 1436 2808 quingenten-

283 2832 410 2896 simum
425 2853 547 2904 annum
561 2851 658 2912 agens
674 2852 748 2891 cum
762 2828 925 2890 bonafide
941 2827 1151 2902 adoleuisset,
1168 2827 1196 2890 si
1212 2831 1298 2909 quod
1319 2837 1367 2889 est
1387 2850 1436 2888 ro·
1457 2838 1489 2887 20

290 2940 363 3014 bur,
380 2937 408 3000 si
423 2959 486 3018 qua
500 2935 662 3009 iuuentus,
679 2944 749 2995 turn
760 2933 815 2995 ille
827 2954 902 2995 uere
913 2932 1063 2994 robustus
1075 2942 1107 2993 et
1118 2931 1244 2992 iuuenis
1257 2942 1289 2992 et
1299 2953 1357 3013 par
1368 2931 1436 2994 orbi

292 3054 448 3105 terrarum
462 3062 529 3103 esse
553 3037 667 3120 coepit.
691 3037 738 3099 ita
759 3074 800 3084 -
822 3036 941 3099 mirum
960 3046 994 3098 et
1014 3034 1199 3097 incredibile
1220 3035 1309 3096 dictu
1326 3071 1364 3078 -
1381 3033 1437 3115 qui

292 3168 388 3230 prope
404 3143 588 3229 quingentis
604 3142 697 3206 annis
719 3141 806 3204 domi
820 3141 961 3204 luctatus
977 3151 1025 3203 est
1039 3176 1082 3186 -
1097 3141 1175 3201 adeo
1190 3137 1318 3200 difficile
1333 3131 1437 3198 firerat

293 3255 367 3316 dare
383 3251 497 3315 Italiae
513 3258 609 3331 caput
628 3285 671 3294 -
686 3246 737 3309 his
759 3245 906 3309 ducentis
925 3244 1020 3314 annis
1043 3242 1099 3324 qui
1120 3252 1272 3305 secuntur
1295 3241 1438 3306 Africam

292 3358 455 3438 Europam
469 3353 592 3430 Asiam,
609 3363 714 3416 totum
729 3351 866 3434 denique
881 3351 989 3413 orbem
1003 3359 1159 3411 terrarum
1171 3347 1265 3411 bellis
1281 3346 1438 3410 uictoriis·
1458 3357 1491 3407 25

293 3484 354 3545 que
367 3459 559 3545 peragranit.

296 3816 307 3864 1
321 3819 415 3865 nactus
427 3825 455 3876 B,
469 3819 583 3866 nanctus
589 3818 703 3865 nanctus
715 3823 740 3863 Ν
751 3811 759 3880 11
771 3810 958 3880 magistratum
965 3813 1027 3871 ΒΝ(
1030 3810 1110 3859 corr2
1118 3824 1144 3858 m
1144 3811 1161 3869 )
1174 3805 1183 3874 11
1197 3808 1212 3856 3
1224 3805 1253 3856 in
1265 3804 1307 3856 his
1319 3803 1384 3873 ipsis
1391 3817 1415 3855 Ν
1425 3803 1435 3871 11

292 3896 424 3949 immerito
436 3908 461 3948 N
476 3896 485 3965 11
499 3901 514 3948 4
526 3897 677 3950 libertatem
689 3912 761 3948 nuno
773 3913 815 3946 om
829 3907 849 3946 Ν
861 3894 870 3963 1
883 3898 898 3944 5
912 3900 971 3944 tum
982 3899 1043 3944 onte
1054 3891 1187 3942 honorum
1198 3906 1240 3940 om
1251 3901 1276 3940 Ν
1291 3889 1299 3957 11
1323 3892 1338 3940 6
1351 3888 1442 3939 nullus

292 3994 311 4034 B
324 3982 333 4050 11
347 3985 396 4032 'let
408 3981 436 4032 in
448 3993 571 4050 magnos
584 3981 592 4050 11
608 3983 636 4032 11
646 3980 735 4050 quinti
745 3991 771 4032 Ν
781 3979 790 4049 11
806 3977 982 4030 raseruilium
995 3976 1010 4027 h
1024 3976 1032 4045 11
1045 3974 1123 4027 ahala
1136 3973 1183 4024 ὂΝι
1197 3972 1274 4024 abula
1284 3985 1303 4024 B
1316 3972 1325 4041 1
1339 3970 1439 4040 capito·

292 4067 359 4119 lium
370 4078 389 4119 B
401 4065 410 4134 11
426 4069 456 4116 13
468 4064 684 4140 111911111111111
697 4064 781 4117 alcius
793 4081 822 4116 se
830 4069 857 4114 et
862 4060 1000 4114 inciuilius
1011 4059 1196 4114 efferentemrt
1206 4058 1215 4127 11
1231 4060 1260 4108 14
1274 4057 1332 4124 ipss
1343 4073 1384 4106 om
1391 4065 1416 4104 Ν
1427 4053 1436 4122 11

390 4153 560 4164 ..ι-..ι-
624 4153 655 4162 -ι

296 4170 325 4218 11
345 4179 424 4219 1-11(
438 4179 489 4220 um
501 4154 777 4222 raonrur1ronl‘n'u¹
794 4153 860 4220 mr‘o
871 4151 955 4226 1]qu
970 4150 1075 4215 {reric
1093 4147 1143 4213 ris
1161 4171 1183 4211 1·
1199 4147 1316 4212 fucinis
1331 4143 1382 4208 ris
1391 4143 1436 4234 ᾗ·

293 4254 448 4322 ΝἶιῖαΙΝΞΝ
458 4279 483 4320 Ν
499 4268 508 4337 11
527 4270 558 4320 19
571 4267 827 4338 quingentissimum
837 4279 862 4319 Ν
873 4267 882 4336 11
895 4269 928 4318 20
940 4264 963 4316 si
975 4279 1029 4331 quo
1040 4273 1065 4313 Ν
1075 4261 1084 4329 11
1098 4264 1127 4314 21
1143 4260 1225 4312 robor
1237 4259 1252 4310 b
1265 4258 1274 4328 11
1287 4264 1315 4310 et
1325 4262 1387 4308 ante
1399 4256 1440 4307 iu·

294 4353 370 4405 uenis
382 4365 450 4405 omB
462 4352 471 4422 11
484 4352 596 4406 orbern
607 4353 615 4423 11
629 4356 661 4406 22
675 4353 720 4422 qui
733 4371 774 4405 om
786 4365 805 4405 Β
818 4353 827 4421 11
842 4355 874 4405 23
887 4348 961 4403 domi
969 4377 999 4388 -
1008 4346 1166 4399 annisomN
1176 4345 1185 4414 11
1199 4347 1230 4396 21
1238 4346 1388 4411 sequuntur
1398 4352 1418 4391 B
1429 4338 1439 4407 11
