3300 5084
296 355 338 416 60
790 373 861 418 mr
877 374 975 418 raom

296 523 478 599 fuerit,'uel
492 522 568 586 hino
583 521 744 586 aestimari
758 534 876 607 potest,
893 526 979 608 quod
993 533 1027 586 et
1042 523 1206 590 Domitius
1220 524 1454 588 Ahenobarbus

298 638 331 691 ct
345 627 464 691 Fabius
477 627 644 691 Maximus
659 628 737 711 ipsis
766 629 884 711 quibus
905 629 1138 704 dimicauerant
1158 629 1237 693 locis
1260 651 1453 701 saxeasere-

299 753 374 794 xere
388 741 536 798 turreset
547 735 683 816 desuper
694 744 850 797 exornata
860 735 957 798 aruris
968 735 1140 809 hostilibus
1151 746 1282 820 tropaea
1291 738 1435 800 fixerunt
1442 762 1451 812 ;

299 857 374 900 cum
389 836 442 898 hic
458 860 531 902 mos
541 839 717 912 inusitatus
732 840 830 903 fuerit
844 839 973 903 nostris.
1005 863 1185 925 numquam
1206 841 1293 904 enim
1314 843 1454 924 populns

299 944 468 1006 Romanus
483 944 629 1008 hostibus
644 945 774 1009 domitis
790 944 958 1008 uictoriam
974 948 1189 1030 exprobrauit.
1478 961 1494 1008 5

386 1187 572 1250 xxxvn.
588 1163 783 1251 'susurru
801 1155 1067 1253 crnnsrcvu
1080 1189 1380 1254 nnvrourcvu
1453 1257 1460 1270 ,

653 1335 655 1340 .
735 1293 1015 1359 mcvsmvu.

192 1497 247 1554 ιιι,
265 1469 423 1543 acimbri
439 1478 579 1541 Teutoni
594 1488 689 1563 atque
704 1479 854 1563 Tigurini
866 1480 907 1543 ab
918 1479 1069 1543 extremis
1081 1479 1209 1550 Galliae
1220 1479 1364 1562 profugi,
1380 1499 1455 1542 cum

300 1596 398 1647 terras
413 1605 524 1647 eorum
538 1584 728 1649 inundasset
743 1586 911 1662 Oceanus,
928 1608 1031 1650 nouas
1047 1589 1137 1650 sedes
1151 1596 1220 1648 toto
1234 1586 1311 1648 orbe
1325 1606 1454 1667 quaere-

299 1691 396 1766 bant,
413 1689 598 1772 exclusique
614 1700 646 1753 ct
661 1691 771 1754 Gallia
786 1691 996 1774 et'Hispania
1011 1711 1086 1752 cum
1099 1688 1135 1750 in
1151 1690 1283 1753 Italiam
1297 1690 1452 1772 demigra-
1476 1701 1508 1751 10

300 1806 383 1873 rant,
400 1796 514 1858 misere
529 1796 651 1880 legatos
666 1796 702 1859 in
716 1807 820 1860 castra
835 1797 957 1884 Silani,
974 1796 1051 1858 inda
1065 1796 1107 1857 ad
1122 1807 1288 1872 senatum,
1305 1806 1452 1878 petentes

299 1911 337 1965 ut
352 1900 489 1965 Martius
504 1902 644 1984 populus
666 1901 788 1986 aliquid
809 1902 871 1966 sibi
891 1913 994 1966 terrae
1015 1904 1105 1965 daret
1128 1903 1221 1985 quasi
1243 1901 1451 1985 stipendium,

299 2017 440 2072 ceterum
455 2016 492 2068 ut
507 2007 607 2069 uellet
621 2008 770 2070 manibus
793 2018 889 2090 atque
911 2008 1007 2070 armis
1028 2006 1095 2069 suis
1119 2018 1272 2072 uteretur.
1297 2010 1354 2071 sed
1376 2027 1454 2091 quas

299 2115 388 2174 daret
403 2121 501 2174 terras
515 2112 654 2194 populus
669 2112 837 2175 Romanus
860 2113 991 2194 agrariis
1013 2112 1138 2194 legibus
1159 2113 1244 2176 inter
1265 2135 1299 2176 se
1322 2112 1453 2176 dimica-

300 2215 409 2279 turus?
434 2215 554 2296 repulsi
568 2215 688 2298 igitur,
713 2218 798 2298 quod
812 2216 1027 2297 nequiuerant
1040 2211 1209 2298 precibus,
1234 2217 1331 2280 armis
1344 2227 1453 2299 petere
1476 2227 1508 2276 15

298 2331 482 2404 coeperunt.
514 2323 570 2384 sed
591 2341 651 2383 nec
670 2320 811 2403 primum
826 2320 984 2402 impetum
998 2321 1205 2382 barbarorum
1220 2321 1370 2395 Silanus,
1394 2341 1454 2382 nec

43 2445 69 2496 θ
296 2422 477 2492 secundum
499 2426 675 2502 Manilius,
703 2447 763 2487 nec
784 2425 917 2488 tertium
938 2425 1058 2507 Caepio
1079 2425 1237 2506 sustinere
1258 2433 1451 2509 potuerunt3

298 2554 408 2596 omnes
423 2533 538 2616 fugati,
556 2531 646 2595 exuti
661 2530 783 2595 castris.
809 2541 918 2594 actum
933 2541 1021 2607 erat,
1037 2530 1102 2594 nisi
1118 2530 1242 2594 Marius
1264 2530 1313 2593 illi
1328 2529 1456 2594 saeculo

298 2638 496 2721 contigisset.
515 2637 569 2700 ille
583 2658 709 2720 quoque
719 2658 787 2699 non
799 2659 896 2700 ausus
909 2635 1061 2720 congredi
1072 2627 1184 2700 statim
1195 2635 1334 2700 militem
1348 2634 1455 2698 tenuit

296 2744 332 2806 in
348 2743 470 2820 castriS,
487 2745 588 2806 donec
603 2742 727 2805 inuicta
741 2742 799 2805 illa
813 2743 917 2806 rabies
933 2754 965 2806 et
981 2744 1134 2826 impetus,
1153 2763 1250 2825 quem
1263 2764 1321 2824 pro
1333 2723 1454 2804 uirtute
1474 2751 1507 2800 20

274 2885 279 2894 «
297 2848 424 2912 barbari
432 2841 572 2924 draben't,
589 2858 840 2912 consenesceret.
864 2870 1022 2912 recessere
1037 2847 1138 2931 igitur
1151 2847 1354 2931 increpantes
1370 2855 1402 2907 et
1414 2880 1455 2891 -

297 2963 390 3016 tanta
412 2964 480 3016 erat
501 2952 674 3037 capiendae
698 2953 786 3017 urbis
808 2954 929 3017 fiducia
950 2954 1239 3029 -sconsulentes‚
1264 2953 1292 3016 si
1313 2950 1392 3034 quid
1413 2949 1454 3010 ad

298 3081 413 3122 uxores
429 3081 502 3122 suas
523 3061 724 3122 mandarent.
757 3081 816 3121 nec
839 3059 971 3142 segnius
995 3081 1092 3141 quam
1114 3059 1231 3122 minati
1252 3058 1379 3120 fuerant
1399 3053 1454 3116 tri-

296 3163 413 3246 pertito
429 3164 557 3248 agmina
572 3163 606 3226 in
621 3165 733 3246 Alpes,
750 3163 784 3227 id
799 3174 848 3227 est
863 3166 1003 3227 claustra
1018 3165 1149 3240 Italiae,
1170 3163 1366 3226 ferebantur.
1386 3162 1456 3223 Ma-

238 3177 363 3462 (rius
379 3270 460 3332 mira
475 3270 584 3333 statim
598 3268 769 3332 uelocitate
786 3269 949 3352 occupatis
965 3269 1165 3353 compendiis
1188 3267 1357 3352 praeuenit
1380 3265 1453 3328 hos·
1474 3277 1508 3327 25

222 3415 224 3420 .
297 3386 381 3452 tem,
398 3375 581 3459 prioresque
596 3376 759 3438 Teutonos
783 3376 843 3438 sub
857 3376 936 3458 ipsis
951 3375 1085 3458 Alpium
1100 3375 1262 3439 radicibus
1284 3374 1454 3435 adsecutus

221 3501 223 3504 ·
249 3490 257 3532 1
297 3481 332 3544 in
346 3482 416 3546 loco
432 3503 527 3564 quern
541 3481 652 3563 Aquas
668 3480 804 3544 Sextias
814 3491 933 3544 uocant
955 3502 1019 3563 quo
1043 3518 1089 3531 ..‚
1105 3482 1203 3544 fidem
1223 3478 1398 3542 numinum
1411 3513 1454 3522 -

297 3587 417 3670 proelio
432 3573 604 3671 oppressit!
636 3586 755 3650 uallem
777 3586 980 3669 fluuiumquc
999 3583 1142 3650 medium
1165 3582 1273 3646 hostes
1289 3582 1453 3657 tenebant,

297 3692 414 3756 nostris
429 3713 585 3775 aquarum
596 3692 688 3754 nulla
702 3691 803 3774 copia.
829 3692 1019 3756 consultone
1034 3691 1068 3753 id
1084 3689 1185 3772 egerit
1194 3688 1391 3772 imperator,
1414 3707 1455 3749 an

299 4015 310 4063 1
326 4008 494 4064 naeobarbus
506 4022 531 4062 N
541 4011 550 4082 11
564 4015 579 4064 2
591 4011 620 4064 irr
632 4012 698 4065 locis
710 4023 735 4066 N
745 4012 754 4082 11
768 4017 782 4064 1
795 4012 942 4065 inusitatos
955 4012 971 4063 b
983 4011 993 4081 1
1006 4014 1021 4062 5
1034 4010 1178 4063 uictoriam
1190 4027 1267 4063 suam
1280 4008 1456 4080 exprobrauit

295 4109 321 4149 N
332 4096 341 4166 11
354 4099 369 4148 6
382 4107 502 4148 xxxvrn
513 4107 532 4148 a
545 4095 554 4164 11
567 4107 739 4151 crusnrcvrr
751 4109 770 4151 a
782 4099 791 4169 11
805 4102 819 4149 1
834 4103 1007 4150 rrsvmsvn
1019 4108 1047 4159 s,
1062 4094 1215 4149 tiburinum
1226 4093 1270 4163 Nu
1283 4097 1299 4146 9
1312 4095 1395 4148 sedcx
1406 4105 1431 4146 N
1442 4092 1452 4162 1

299 4186 329 4235 10
341 4181 519 4252 remigrarent
530 4193 555 4234 N
565 4183 575 4252 11
590 4185 620 4233 11
633 4187 758 4252 potentes
772 4182 787 4233 b
800 4181 809 4252 11
831 4184 861 4233 14
875 4182 948 4234 intra
957 4192 983 4234 N
999 4181 1008 4250 1
1031 4184 1062 4232 16
1081 4185 1212 4249 ceperunt
1228 4191 1261 4243 Β,
1282 4178 1454 4232 constituunt

295 4280 320 4321 N
330 4257 339 4337 11
356 4270 385 4320 18
398 4267 465 4336 fuga
475 4279 494 4318 Β
508 4267 516 4338 11
538 4270 568 4319 19
581 4267 761 4336 contiguisset
772 4278 797 4319 N
814 4265 823 4336 11
842 4269 876 4319 21
889 4283 938 4336 per
948 4265 1023 4335 alpes
1042 4264 1133 4335 Ν1126
1151 4270 1279 4318 teutonas
1294 4275 1340 4316 BN
1349 4263 1359 4333 11
1379 4262 1455 4315 adse-

295 4359 372 4406 cutos
389 4363 408 4404 N
428 4352 437 4421 11
458 4354 490 4403 27
504 4367 558 4421 quo
570 4350 651 4404 fidem
664 4351 830 4405 Salmasius:
847 4367 897 4420 pro
914 4349 969 4404 lide
980 4362 1014 4414 Β,
1034 4349 1147 4421 quasida
1157 4361 1183 4402 N
1192 4350 1202 4420 11
1214 4348 1249 4403 28
1261 4348 1397 4419 obpressit
1407 4357 1432 4400 N
1442 4345 1452 4416 11

297 4440 328 4489 29
342 4436 575 4508 consulatoneNss
1375 4433 1379 4436 ’
