3300 5084
284 276 344 336 100
768 289 838 333 ivm
854 289 954 353 mom

281 443 409 527 peium,
436 439 463 502 si
484 441 595 502 eadem
617 438 724 521 ipsum
747 460 829 520 quae
849 437 1025 500 exercitum
1040 437 1110 501 eius
1125 439 1255 501 fortuna
1270 440 1429 504 traxisset·

283 558 441 631 superstes
468 543 635 626 dignitatis
662 566 738 606 suae
764 544 868 620 uixit,
895 555 933 606 ut
959 565 1034 606 cum
1058 543 1177 624 maiore
1202 539 1354 608 dedecore
1380 567 1436 629 per

283 650 469 714 Thessalica
484 651 603 730 Tempe
619 670 701 730 equo
716 649 860 732 fugeret,
882 660 919 710 ut
935 670 1001 711 una
1019 649 1173 710 nauicula
1188 650 1316 712 Lesbon
1331 651 1432 734 appli-

206 769 208 772 '
282 767 417 830 caretur,
437 764 474 815 ut
490 754 618 836 Syedris
634 755 668 815 in
684 756 808 816 deserto
824 753 957 816 Ciliciae
972 755 1104 836 scopulo
1118 755 1230 836 fugam
1244 754 1280 818 in
1296 756 1434 818 Parthos
1490 774 1493 780 '
1527 775 1531 778 ’

282 860 425 923 Africam
440 861 494 921 uel
505 845 676 942 Aegypton
692 856 840 940 agitaret,
856 868 894 920 ut
909 858 1046 940 denique
1063 859 1193 922 Pelusio
1209 860 1314 935 litore,
1330 860 1430 944 impe·
1454 873 1469 920 5

281 961 330 1029 rio
344 953 495 1028 uilissimi
509 965 606 1046 regis,
624 963 765 1026 consiliis
782 964 961 1045 spadonum
976 973 1020 1038 et,
1036 985 1077 1025 ne
1093 963 1173 1046 quid
1186 965 1280 1027 malis
1296 967 1432 1050 deesset,

283 1069 432 1153 Septimii
448 1069 615 1131 desertoris
632 1069 683 1130 sui
698 1067 806 1150 gladio
828 1067 1006 1150 trucidatus
1022 1069 1082 1129 sub
1102 1068 1204 1130 oculis
1227 1069 1336 1150 uxoris
1359 1091 1435 1141 suae

281 1176 515 1256 liberorumque
530 1183 716 1236 moreretur.
1387 1178 1390 1181 ’

369 1279 451 1346 Quis
473 1300 539 1340 non
561 1289 727 1361 peractum
749 1299 817 1340 esse
844 1299 918 1339 cum
945 1277 1113 1360 Pompeio
1126 1279 1287 1341 crederet?
1321 1280 1433 1362 atquin

283 1385 385 1446 acrius
401 1385 504 1445 multo
520 1393 615 1464 atque
631 1383 856 1444 uehementius
878 1381 1056 1444 Thessalici
1076 1382 1219 1444 incendii
1241 1384 1363 1447 cineres
1384 1407 1431 1447 re·
1456 1398 1487 1445 10

283 1490 462 1551 caluerunt.
488 1499 519 1550 et
539 1489 574 1549 in
589 1489 736 1570 Aegypto
752 1487 883 1570 quidem
898 1488 1052 1548 aduersus
1068 1489 1237 1550 Caesarem
1252 1489 1322 1550 sine
1336 1491 1434 1571 parti-
1500 1508 1504 1516 ’

282 1596 342 1657 bus
357 1595 489 1657 bellum.
509 1593 626 1674 quippe
641 1615 716 1654 cum
728 1593 945 1666 Ptolemaeus,
962 1613 1019 1652 rex
1030 1593 1256 1668 Alexandriae,
1274 1616 1435 1656 summurn

284 1699 390 1761 ciuilis
412 1699 490 1761 belli
512 1699 615 1760 scelus
638 1697 813 1781 peregisset
835 1709 867 1760 et
883 1697 995 1759 foedus
1021 1697 1180 1759 amicitiae
1202 1719 1277 1758 cum
1299 1700 1435 1761 Caesare

284 1787 389 1866 medio
402 1803 536 1885 Pompei
548 1802 650 1884 capite
666 1803 837 1879 sanxisset,
854 1802 1011 1865 ultionem
1026 1803 1194 1865 clarissimi
1209 1803 1272 1865 uiri
1286 1803 1434 1866 manibus

286 1919 459 1990 quaerente
475 1911 618 1971 Fortuna
633 1929 730 1972 causa
744 1891 811 1969 non
832 1908 945 1970 defiiit.
970 1908 1141 1990 Cleopatra
1161 1908 1245 1990 regis
1262 1931 1366 1984 soror,
1384 1910 1438 1970 ad·
1459 1920 1491 1968 15

284 2014 356 2076 fusa
371 2013 514 2075 Caesaris
536 2004 680 2095 genibus
692 2023 816 2096 partem
837 2013 930 2094 regni
950 2013 1144 2094 reposcebat.
1181 2014 1290 2075 aderat
1310 2014 1436 2096 puellae

285 2119 403 2192 forma,
427 2129 555 2199 atquae
571 2117 790 2199 duplicaretur
804 2139 846 2179 ex
860 2118 935 2192 illo,
959 2118 1046 2198 quod
1066 2117 1140 2179 talis
1155 2139 1249 2200 passa
1265 2100 1435 2180 uidebatur

219 2302 224 2307 .
286 2221 455 2297 iniuriam,
479 2221 589 2283 odium
610 2221 711 2303 ipsius
727 2221 829 2304 regis,
853 2221 910 2302 qui
925 2220 1059 2303 Pompei
1073 2243 1185 2282 necem
1199 2222 1342 2303 partium
1356 2223 1434 2296 fato,

286 2349 351 2390 non
360 2327 489 2390 Caesari
505 2329 647 2402 dederat,
665 2325 862 2388 hauddubie
879 2325 965 2386 idern
977 2325 1013 2386 in
1028 2325 1299 2406 ipsumausurus,
1316 2325 1345 2386 si
1359 2326 1437 2386 suis-

287 2442 335 2495 set
347 2431 480 2494 occasio.
500 2453 596 2514 quam
620 2431 675 2494 ubi
688 2434 804 2494 Caesar
817 2429 945 2491 restitui
956 2429 1052 2492 iussit
1066 2428 1101 2490 in
1112 2451 1259 2511 regnum,
1277 2429 1387 2492 statim
1396 2431 1436 2491 ab
1457 2441 1491 2490 20

287 2537 388 2600 isdem
402 2529 642 2620 percussoribus
658 2535 792 2619 Pompei
814 2535 961 2603 obsessus
982 2532 1018 2594 in
1040 2534 1128 2617 regia
1147 2534 1297 2615 quamuis
1320 2534 1439 2616 exigua

287 2665 387 2722 manu
401 2641 541 2724 ingentis
557 2641 714 2704 exercitus
729 2640 848 2703 molem
868 2637 951 2699 mira
972 2639 1094 2700 uirtute
1117 2639 1283 2701 sustinuit.
1316 2660 1352 2700 ac
1373 2639 1437 2720 pri-

253 2809 256 2814 ,
288 2729 379 2817 mum
393 2746 610 2828 proximorum
631 2746 848 2809 aedificiorum
869 2753 964 2825 atque
984 2743 1153 2806 naualium
1173 2743 1322 2806 incendio
1342 2743 1438 2805 infes-

289 2863 396 2914 torum
418 2852 560 2914 hostium
580 2853 646 2916 tela
672 2848 869 2924 summouit,
896 2870 973 2912 mox
986 2848 1022 2910 in
1036 2870 1138 2931 paene
1153 2849 1294 2911 insulam
1310 2849 1439 2913 Pharon

291 2958 417 3020 subitus
433 2947 535 3020 euasit
544 2981 552 3031 3
578 2956 653 3018 inde
669 2955 821 3037 depulsus
836 2954 872 3015 in
886 2954 988 3015 maria
1007 2953 1089 3014 mira
1109 2953 1262 3015 felicitate
1278 2955 1318 3014 ad
1332 2953 1437 3034 proxi-
1459 2963 1492 3013 25

290 3085 376 3125 mam
391 3063 525 3124 classem
540 3060 685 3123 enatauit
691 3108 701 3137 ,
724 3057 836 3122 relicto
852 3058 981 3139 quidem
994 3057 1030 3117 in
1045 3057 1196 3120 fluctibus
1211 3040 1440 3140 paludamento

292 3191 349 3231 seu
363 3169 430 3232 fato
446 3189 501 3230 seu
517 3165 668 3240 consilio,
691 3173 729 3225 ut
748 3162 832 3223 illud
851 3161 1077 3244 ingruentibus
1093 3161 1235 3224 hostium
1251 3163 1323 3225 telis
1339 3163 1437 3225 saxis-

293 3295 353 3356 que
374 3284 545 3356 peteretur.
580 3263 659 3332 tunc
678 3276 824 3351 receptus
851 3288 870 3327 a
886 3265 1035 3338 'classicis
1061 3265 1148 3341 suis,
1176 3267 1319 3350 undique
1344 3268 1440 3330 simul

292 3380 399 3442 hostes
415 3380 544 3441 adortus
560 3378 598 3441 de
613 3373 726 3444 inbelli
742 3395 778 3438 ac
792 3373 914 3456 perfida
933 3381 1030 3456 gente
1051 3371 1137 3438 iusta
1158 3372 1269 3456 generi
1290 3374 1439 3436 manibus

295 3653 309 3700 2
323 3655 355 3701 ut
366 3667 408 3700 om
426 3659 451 3700 N
461 3648 471 3718 11
491 3651 505 3699 3
524 3646 708 3718 applicaretur
720 3651 752 3701 ut
770 3645 914 3699 Halmius:
939 3645 1139 3717 applicarentur
1156 3651 1184 3698 et
1201 3656 1236 3710 Β,
1263 3644 1442 3714 applicaretur

293 3745 318 3784 N
329 3733 337 3802 11
351 3737 366 3783 4
381 3732 488 3802 Syedris
502 3731 668 3785 Salmasius:
687 3731 777 3784 hedris
788 3744 822 3796 B,
843 3731 938 3801 pulsus
950 3731 1041 3783 hedris
1052 3743 1077 3783 N
1088 3730 1096 3800 11
1111 3734 1126 3782 5
1139 3735 1284 3800 aegyptum
1300 3741 1320 3779 Β
1332 3728 1341 3797 11
1354 3728 1382 3778 in
1394 3744 1439 3795 pe-

294 3817 365 3869 lusio
373 3829 399 3870 N
409 3817 417 3886 11
431 3821 446 3870 6
460 3815 565 3868 deesset
576 3815 720 3868 Halmius:
739 3815 809 3868 desit
820 3829 864 3868 BN
875 3817 883 3885 11
897 3818 912 3867 9
932 3815 1052 3868 crederet
1063 3814 1165 3867 bellum
1175 3827 1201 3866 N
1211 3816 1220 3884 1
1225 3811 1333 3881 'adquin
1349 3821 1375 3860 N
1384 3808 1394 3878 11
1410 3812 1439 3860 12

295 3901 445 3969 ptolomeus
461 3913 480 3952 Β
493 3899 502 3969 11
518 3903 548 3952 13
561 3899 709 3968 peregisset
720 3899 870 3969 foedusque
886 3912 912 3951 N
922 3900 931 3970 11
947 3903 976 3950 14
991 3900 1123 3952 ultionem
1135 3894 1338 3968 quaemanibus
1351 3892 1441 3945 claris·

295 3985 356 4038 simi
375 3985 427 4038 uiri
447 3984 571 4037 omnibus
591 3991 734 4052 quaerente
752 3985 877 4037 fortunae
893 3996 913 4036 Β
925 3986 934 4055 11
950 3989 979 4036 17
998 3985 1099 4037 formae
1116 3983 1202 4050 Β1118
1220 3978 1331 4048 Pompei
1349 3994 1443 4030 necem

294 4069 405 4138 scripsi:
415 4069 577 4142 ¹pompeium
589 4085 680 4136 regem
691 4081 724 4134 Β,
737 4070 870 4140 pompeio
883 4071 976 4122 aedem
992 4081 1018 4120 N
1028 4069 1037 4137 11
1053 4071 1083 4118 19
1102 4067 1174 4118 idem
1191 4083 1233 4117 om
1251 4077 1270 4116 Β
1283 4064 1292 4133 11
1305 4063 1329 4115 si
1347 4063 1445 4115 fuisset

295 4154 399 4206 occasio
412 4153 621 4206 Mommscaa'as:
639 4154 663 4206 si
674 4153 772 4206 ruisset
784 4155 909 4207 hoccasio
920 4167 954 4216 Β,
976 4153 999 4204 si
1011 4151 1163 4220 expedisset
1173 4161 1198 4201 N
1209 4149 1218 4219 11
1231 4152 1260 4201 21
1275 4148 1381 4200 hisdem
1392 4159 1412 4200 Β
1431 4147 1441 4216 11

295 4238 437 4308 quamquis
448 4251 474 4290 N
484 4239 492 4308 11
506 4239 600 4308 exigui
613 4238 628 4290 b
641 4239 649 4308 11
664 4241 695 4290 22
708 4239 758 4290 hac
776 4251 795 4291 Β
808 4239 817 4308 11
831 4242 863 4292 23
876 4245 957 4307 atque
969 4235 1107 4287 naualium
1119 4253 1162 4286 om
1173 4247 1193 4289 Β
1205 4235 1214 4305 11
1227 4238 1260 4287 24
1272 4230 1443 4304 peninsulam

297 4336 313 4374 Β
326 4323 334 4392 11
348 4324 424 4375 faron
436 4333 461 4374 N
471 4322 480 4390 11
494 4326 524 4380 27
539 4329 569 4374 ut
581 4341 622 4374 orn
634 4335 653 4376 Β
666 4322 674 4391 11
688 4323 874 4376 incruentibus
885 4336 904 4378 Β
917 4322 925 4391 11
939 4324 970 4372 27
983 4321 1055 4372 lacto
1068 4320 1083 4371 b
1096 4319 1105 4388 11
1119 4322 1151 4372 28
1163 4326 1223 4373 tum
1235 4332 1260 4372 N
1270 4320 1279 4389 11
1292 4322 1325 4372 29
1338 4319 1388 4371 hac
1399 4329 1418 4369 Β
1431 4315 1440 4385 11
