3300 5084
280 355 310 410 X
339 411 342 416 ,
763 361 961 408 autumno.

281 528 359 580 tano
381 513 596 578 Haeneliano.
636 497 746 579 omnes
768 537 810 578 ex
831 516 944 577 eodem
958 513 1046 575 fonte
1070 522 1261 596 propagatos
1285 533 1354 574 esse
1379 521 1449 574 tam

283 633 405 686 certum
421 631 480 698 est,
499 643 595 704 quam
610 620 699 682 hunc
718 641 785 682 non
802 622 944 683 multum
959 619 1124 682 diuersum
1138 617 1238 680 fuisse
1253 619 1293 680 ab
1309 640 1346 681 eo
1360 619 1448 680 unde

282 728 439 811 originem
461 727 555 789 duxit
583 725 794 789 Nazarianus.
827 749 868 789 ex
889 725 1070 789 Nazariano
1091 726 1161 809 ipso
1189 734 1298 786 autem
1327 735 1448 787 eeteros

281 857 348 896 non
364 855 433 896 esse
448 832 623 916 descriptos
638 832 693 894 uel
707 854 773 894 uno
788 832 965 895 certissimo
986 831 1172 895 testimonio
1194 830 1309 893 confici
1328 840 1445 913 potest.

282 939 314 1002 in
332 939 393 1001 hoo
408 940 496 1002 enim
517 939 624 1001 codice
645 959 726 1020 quae
751 937 907 1021 leguntur
922 937 1003 1001 'inde
1018 961 1037 1001 a
1051 938 1150 1000 uerbo
1171 937 1340 1000 Gallorum
1355 957 1377 1018 p
1393 942 1446 1010 46,

285 1054 300 1105 7
318 1045 475 1127 usquead
491 1051 683 1126 euertcrotp
701 1051 751 1119 54,
773 1049 809 1106 16
839 1066 898 1107 suo
919 1045 989 1106 loco
1011 1043 1207 1108 omittuntur
1229 1054 1261 1105 et
1275 1042 1382 1105 abeno
1396 1040 1446 1102 in-

281 1161 433 1217 seruntur
447 1159 520 1233 post
538 1150 720 1232 perireatp
745 1157 796 1226 89,
816 1155 875 1226 29,
907 1161 940 1213 et
960 1172 1070 1214 mrsus
1094 1171 1175 1233 quae
1197 1149 1351 1232 leguntur
1373 1156 1448 1230 post

283 1257 419 1319 uerbum
438 1263 554 1338 portus
575 1277 597 1338 p
623 1261 674 1332 64,
699 1261 737 1318 25
765 1279 867 1340 usque
892 1259 935 1319 ad
953 1255 1079 1320 Colchis
1106 1265 1194 1318 mnae
1215 1277 1237 1338 p
1254 1261 1306 1330 66,
1329 1259 1378 1329 16,
1402 1252 1448 1314 ibi

253 1423 255 1426 .
284 1362 405 1425 omittit
419 1371 487 1444 etp
504 1365 557 1436 68,
577 1369 604 1424 5.
617 1361 663 1425 ita
677 1363 792 1426 inserit
805 1373 843 1425 ut
857 1364 1016 1446 quaedam
1030 1362 1130 1424 uerba
1143 1361 1193 1424 bis
1208 1372 1319 1444 ponat.
1352 1380 1448 1442 appa·

284 1478 333 1530 ret
347 1467 447 1550 igitur
461 1466 497 1528 in
520 1489 557 1530 eo
582 1468 690 1532 codice
720 1491 759 1532 ex
781 1491 845 1551 quo
867 1455 1030 1532 deriuatus
1053 1478 1102 1531 est
1121 1467 1321 1531 Nazarianus
1345 1475 1449 1528 trans·

198 1591 200 1600 ’
283 1573 388 1657 posita
402 1595 470 1636 esse
485 1573 563 1636 lolia
579 1576 753 1656 quaedam,
777 1575 811 1638 id
832 1577 919 1658 quod
932 1574 1112 1637 incuriosus
1127 1572 1276 1636 librarius
1291 1569 1446 1654 neglexit.

284 1679 318 1741 in
334 1679 446 1742 ceteris
462 1701 538 1742 uero
553 1679 716 1744 codicibus
728 1681 841 1744 omnia
855 1681 934 1743 haec
957 1702 1014 1743 suo
1038 1680 1148 1743 ordine
1162 1677 1338 1763 perscripta
1352 1685 1447 1751 sunt;

229 1809 232 1814 ’
284 1788 371 1848 unde
384 1785 519 1848 efficitur
531 1785 669 1848 deriuari
681 1809 733 1850 eos
747 1809 786 1850 ex
802 1787 909 1850 codice
921 1809 940 1850 a
950 1786 984 1849 N
986 1785 1124 1848 azariani
1140 1784 1312 1866 archetypo
1324 1782 1450 1845 diuerso

284 1892 413 1974 quidem
420 1892 476 1955 sed
488 1891 781 1975 simillimopraeter
788 1894 873 1956 hanc
884 1891 1175 1974 transpositionem.
1193 1888 1348 1953 hocenim
1354 1909 1449 1950 nemo

284 1998 433 2080 negabit,
460 1998 516 2079 qui
531 1998 649 2060 multas
664 2000 835 2082 foedasque
850 1998 1112 2080 interpolationes
1138 1997 1253 2080 quibus
1276 1995 1312 2057 hi
1326 1988 1450 2058 codices

286 2115 410 2166 scatent
431 2105 473 2165 ad
496 2125 700 2166 communem
715 2104 838 2166 fontem
851 2104 967 2166 referre
983 2103 1142 2179 didicerit,
1159 2103 1256 2184 idque
1278 2123 1317 2163 eo
1332 2099 1449 2162 certius
1486 2134 1490 2136 -

285 2218 417 2290 apparet
426 2200 444 2285 ,’
454 2231 517 2291 quo
532 2207 633 2290 magis
649 2208 770 2291 singuli
784 2209 870 2272 inter
885 2232 919 2272 se
933 2209 1128 2293 discrepant,
1145 2230 1210 2291 que
1223 2207 1295 2290 ipsa
1308 2229 1342 2269 re
1356 2205 1450 2268 libra-

284 2313 404 2376 riorum
419 2314 587 2376 libidinem
602 2322 754 2396 arguunt.
787 2336 982 2398 quamquam
1002 2315 1091 2378 enim
1109 2314 1181 2378 fieri
1201 2323 1308 2396 potest
1321 2322 1360 2375 ut
1374 2323 1452 2374 casu

285 2423 424 2502 quodam
440 2401 614 2504 etiam'per
635 2422 694 2484 hos
718 2420 843 2484 codices
865 2421 919 2484 hic
940 2421 1008 2484 illic
1028 2444 1106 2485 uera
1125 2419 1222 2482 lectio
1242 2429 1373 2481 seruata
1394 2416 1449 2492 sit,

284 2547 445 2608 nusquam
460 2538 568 2590 tamen
584 2527 678 2599 certis
693 2527 892 2610 argumentis
914 2527 1024 2590 euinei
1045 2536 1170 2611 potest,
1196 2525 1223 2592 si
1245 2525 1324 2608 quid
1345 2523 1381 2585 in
1404 2523 1450 2586 eis

284 2632 441 2715 reperitur
463 2634 548 2714 quod
564 2621 639 2696 ,ueri
661 2633 800 2715 speciem
814 2635 984 2717 praebeat,
1007 2633 1041 2695 id
1061 2655 1101 2695 ex
1123 2630 1256 2712 antiquo
1271 2630 1329 2693 illo
1344 2629 1453 2692 codice

286 2747 449 2799 seruatum
470 2759 576 2821 neque
596 2761 673 2802 uero
693 2739 815 2802 librarii
837 2740 1020 2802 coniectura
1040 2747 1203 2821 repertum
1223 2757 1302 2799 esse.
1334 2737 1396 2798 hoc
1417 2734 1453 2796 in

285 2842 473 2906 imiuersum
488 2853 573 2906 recte
588 2843 790 2926 disputatum
811 2866 881 2907 esse
900 2835 1004 2906 nemo'
1015 2843 1110 2906 facile
1128 2841 1276 2925 negabit3
1302 2863 1365 2925 quo
1386 2862 1451 2902 cer-

286 2949 350 3012 tius
367 2950 406 3010 de
421 2969 459 3010 ea
472 2971 506 3011 re
520 2949 676 3012 iudicium
692 2950 766 3012 feni
780 2950 883 3032 possit
897 2949 1006 3013 omnia
1020 2949 1199 3012 adscribam
1224 2969 1304 3031 quae
1326 2969 1344 3008 e
1365 2945 1451 3008 codi-

283 3077 358 3116 cum
380 3054 594 3118 recentiorum
609 3056 663 3118 uel
678 3078 744 3120 uno
760 3057 814 3119 uel
828 3055 975 3140 pluribus
991 3064 1158 3138 tamquam
1178 3064 1264 3116 recte
1278 3054 1449 3124 emendata

284 3161 399 3242 recepi.
432 3183 507 3224 cum
522 3182 599 3222 uero
617 3160 700 3224 nihil
723 3162 839 3225 referat
861 3162 897 3223 in
920 3159 983 3244 qud
1008 3161 1213 3244 potissimum
1228 3160 1344 3221 horum
1363 3157 1449 3220 oodi-
1482 3179 1488 3183 ·

284 3287 376 3342 cum,
395 3266 532 3350 singulis
548 3289 589 3329 an
603 3268 763 3350 pluribus,
781 3267 903 3350 aliquid
917 3268 1059 3351 legatur,
1077 3268 1133 3330 scd
1148 3273 1371 3348 totnm'genus
1386 3263 1450 3346 sig-

286 3371 433 3435 nificasse
449 3373 526 3437 satis
542 3373 602 3450 sit,
620 3379 732 3452 §nota
747 3392 826 3432 usus
843 3393 925 3434 sum.

458 3465 480 3564 p
498 3487 527 3556 5,
548 3485 658 3543 23ch
675 3498 711 3558 ς.·
734 3497 772 3540 cn
787 3483 855 3540 BN

496 3591 526 3662 6,
566 3593 583 3648 2
600 3606 635 3648 ce
650 3605 688 3664 g.-
711 3603 749 3646 cn
764 3590 832 3647 BN

494 3699 526 3767 9,
569 3691 693 3754 2missi
709 3712 745 3768 ς.·
768 3689 857 3753 misit
872 3695 958 3753 BIN

477 3803 526 3871 14,
546 3801 584 3858 26
601 3818 674 3858 cora
689 3815 726 3873 ς.·
748 3818 819 3858 sora
834 3802 900 3857 BN

474 3908 526 3975 21,
548 3909 583 3962 10
600 3901 678 3962 furit
694 3921 732 3979 ς.·
756 3901 818 3962 fuit
834 3905 919 3962 BIN
977 3951 981 3954 .

475 4013 526 4081 21,
545 4013 582 4068 21
600 4005 751 4068 ciminius
767 4026 805 4085 ς.·
828 4005 990 4090 geminius
1005 4011 1091 4067 BIN

475 4119 527 4188 24,
549 4118 585 4174 16
601 4112 697 4176 uideo
712 4135 765 4176 me
780 4131 819 4190 ς·.·
843 4113 929 4176 idem
943 4134 1037 4174 omne
1053 4117 1118 4173 BN

475 4225 526 4293 33,
548 4225 584 4280 14
602 4240 699 4301 quam
714 4219 806 4302 quasi
821 4238 861 4297 ς.·
884 4217 1009 4300 quamsi
1024 4221 1090 4279 BN
1161 4237 1164 4242 ·

473 4333 525 4399 51,
547 4329 583 4385 13
598 4324 819 4394 macedoniam
835 4343 874 4402 ς.·
897 4322 1103 4386 macedoniae
1119 4327 1186 4384 BN

384 4453 390 4462 ·
476 4437 527 4506 51,
547 4436 582 4492 21
601 4430 680 4493 tuba
695 4450 733 4512 ς.·
758 4431 853 4494 turba
870 4433 937 4492 BN
