3300 5084
685 329 882 375 enarrarre
1284 324 1374 381 xwl

207 476 284 541 belli
297 476 472 554 interesset,
490 481 577 562 qaod
589 479 622 542 io
634 479 831 564 placitatoria
842 482 1061 565 mnnercfiera'
1068 484 1157 560 sobet,
1176 506 1239 548 nno
1252 489 1372 552 eodem·

207 592 452 668 permaneam,
473 606 543 648 cnm
559 584 593 646 in
608 585 677 648 acie
695 576 819 650 otmari
832 588 1083 664 succumberent,
1093 591 1234 671 populas
1248 590 1283 654 in
1297 595 1374 656 urbe

200 682 404 770 plaudebat.
419 690 505 751 unde
521 692 712 753 sumendum
729 701 776 754 est
791 691 913 754 factum
925 713 992 756 esse
1008 692 1130 775 aliquid
1143 694 1179 758 in
1194 699 1375 778 spectaculo

207 793 415 880 gladiatori0‚
444 795 498 886 cui
518 795 716 877 plaudebant
738 807 950 879 spectatores,
981 798 1028 861 ita
1047 812 1257 882 conparatum
1279 815 1317 866 ut
1332 807 1373 868 ad

207 898 376 962 uictoriam
390 899 584 964 Cimbricam
599 901 708 962 referri
722 910 831 983 posset
836 927 846 978 ;
875 902 966 984 atqui
989 903 1086 966 huius
1109 904 1155 966 rei
1169 907 1309 970 narratio
1323 909 1373 977 ine

124 1011 129 1015 ”
208 1003 295 1066 cuna
319 1004 522 1068 librariorum
548 1004 664 1068 omissa
689 1017 748 1068 est.
780 1029 894 1096 uerum
908 1007 962 1071 hic
981 1007 1072 1071 locus
1088 1008 1185 1076 etiam
1200 1008 1264 1075 alio
1278 1017 1374 1080 modo

208 1121 375 1192 corruptus
391 1121 449 1174 est.
468 1112 567 1182 uerba
581 1112 668 1172 enim
679 1105 778 1194 ‘quod
790 1111 824 1174 in
836 1098 1033 1196 pladiotcrio
1048 1116 1267 1200 mnnercfiert‘
1278 1114 1372 1184 solet’

207 1237 245 1278 eo
269 1217 340 1300 loco
372 1235 435 1298 quo
457 1215 492 1277 in
512 1222 578 1279 ΒΝ
604 1215 757 1298 leguntur
786 1239 918 1280 sensum
939 1219 1036 1299 plane
1057 1219 1185 1284 nullum
1216 1223 1370 1287 efficiunt.

208 1319 409 1406 quidenim?
433 1332 542 1383 utrum
556 1320 590 1382 in
606 1321 802 1403 vgladiatorio
831 1343 964 1386 munere
991 1323 1063 1386 fieri
1091 1324 1213 1390 solebat
1238 1338 1276 1390 ut
1297 1332 1373 1394 urbs

208 1427 301 1489 uelut
316 1426 578 1512 elatamontibus
594 1427 774 1509 spectaculo
795 1427 874 1489 belli
896 1427 1082 1504 interesset,
1110 1451 1152 1492 an
1175 1442 1213 1493 ut
1232 1435 1374 1516 populus

209 1533 324 1600 eodem¹
341 1541 526 1609 momento,
555 1555 618 1617 quo
640 1533 676 1596 in
698 1533 765 1596 acie
789 1532 912 1596 Cimbri
941 1535 1212 1613 succumbebant,
1239 1537 1274 1600 in
1294 1543 1395 1604 urbe.

207 1637 395 1722 plauderet?
418 1648 526 1722 aperte
552 1639 631 1700 hacc
654 1640 754 1702 uerba
770 1638 940 1722 'pertinent
954 1639 995 1701 ad
1009 1638 1093 1702 illud
1108 1641 1256 1723 feliciter
1278 1644 1371 1721 dixit,

209 1744 295 1826 qnod
309 1765 342 1805 re
357 1740 435 1806 uera
455 1743 490 1804 in
504 1743 695 1828 gladiatorio
717 1764 851 1820 munere
870 1741 943 1804 fieri
964 1744 1088 1806 solebat
1108 1754 1140 1806 et
1163 1767 1200 1808 eo
1222 1750 1374 1831 temporis

208 1857 370 1912 momento
394 1849 513 1932 egregii
534 1849 652 1912 ominis
674 1849 747 1911 fuit.
777 1870 884 1932 neque
902 1868 989 1909 casu
1011 1848 1133 1910 factum
1160 1871 1227 1914 esse
1254 1862 1373 1934 potest,

209 1957 296 2037 quod
309 1977 347 2017 ea
360 1954 431 2036 ipsa
445 1955 544 2016 uerba
559 1975 640 2037 qnae
656 1953 850 2036 transposita
871 1974 939 2016 esse
961 1954 1122 2016 contendo
1137 1954 1234 2017 unius
1249 1977 1373 2033 uersus,

210 2060 317 2143 quales
334 2079 431 2142 supra
445 2058 607 2135 uidimuS,
625 2059 765 2142 spatium
780 2058 918 2142 inplent.
953 2079 1058 2142 neque
1073 2081 1152 2122 uero
1165 2059 1311 2124 inaudita
1325 2085 1375 2125 res

207 2163 245 2226 ‘in
267 2165 361 2228 Floro
385 2165 659 2248 transpositiones.
696 2165 807 2229 statim
832 2188 854 2248 p
877 2169 932 2241 63,
951 2170 988 2227 13
1006 2165 1111 2227 ⁴uerba
1128 2165 1233 2250 placit
1247 2165 1375 2250 flumen

209 2271 369 2354 equitatur
384 2269 419 2331 in
433 2277 463 2332 Β
477 2270 546 2333 loco
562 2293 620 2334 suo
635 2279 723 2334 mota
738 2282 833 2347 sunt,
857 2280 890 2333 et
905 2292 926 2352 p
944 2275 994 2346 32,
1016 2279 1054 2333 10
1077 2272 1178 2333 uerba
1191 2269 1328 2334 hostium
1343 2282 1377 2334 et

209 2375 275 2461 iam
282 2424 293 2453 ,
321 2375 356 2438 in
377 2397 440 2458 quo
456 2375 595 2439 insolam
609 2378 709 2458 latere
724 2377 808 2440 uidit
823 2373 991 2456 Hauptius
998 2421 1009 2450 ,
1037 2375 1145 2436 locum
1158 2386 1327 2438 mutarunt
1340 2377 1377 2438 in

209 2489 250 2556 B,
274 2481 310 2542 in
325 2481 422 2554 ,cuius
443 2482 643 2564 autographo
664 2484 764 2544 finem
786 2501 899 2541 uersus
923 2500 1095 2560 occupasse
1116 2479 1280 2541 uidentur.
1319 2484 1377 2546 sed

209 2595 353 2648 reuertar
378 2586 418 2647 ad
444 2585 575 2650 lacunas
606 2587 806 2650 indicandas.
846 2583 989 2664 igitmp
1013 2588 1072 2658 81,
1099 2589 1117 2643 4
1144 2593 1217 2664 post
1239 2585 1376 2669 confirm

210 2690 366 2772 quaedam
383 2690 422 2751 de
437 2690 542 2752 Mario
558 2711 577 2752 a
592 2690 687 2753 Floro
701 2698 831 2751 narrata
845 2687 1051 2762 excidemnt,
1075 2709 1151 2749 oum
1172 2710 1313 2772 eaquae
1328 2713 1375 2753 se·

209 2804 354 2878 quantur
369 2796 410 2857 ad
424 2791 606 2878 Apuleium
614 2795 807 2878 pertineant.
833 2793 931 2856 etiam
945 2815 967 2876 p
986 2800 1056 2869 101,
1076 2797 1113 2855 21
1132 2795 1290 2875 quaedam
1303 2807 1376 2878 post

209 2899 346 2983 amplior
369 2900 485 2964 omissa
507 2923 574 2964 esse
604 2901 679 2964 inde
706 2898 910 2984 perspicitur,
924 2900 1007 2989 quod
1028 2920 1089 2961 neo
1110 2899 1377 2964 caesarianorum

209 3005 348 3088 impetus
361 3005 498 3087 amplior
512 3005 577 3068 dici
591 3005 697 3090 potuit
708 3027 767 3068 nec
779 3025 874 3088 eoque
887 3003 986 3066 habet
1001 3025 1064 3086 quo
1079 3004 1245 3066 referatur.
1264 3004 1376 3068 simili-

210 3121 257 3172 ter
271 3132 293 3192 p
308 3118 378 3186 105,
391 3119 427 3174 17
441 3121 516 3176 aute
532 3111 626 3175 aliter
636 3112 747 3174 solans
762 3111 920 3193 quaedam
935 3110 1043 3171 deesse
1058 3109 1151 3172 facile
1165 3111 1377 3175 demonstrari

208 3226 325 3297 potest.
357 3215 499 3300 primum
515 3216 601 3280 enirn
616 3217 728 3280 saluas
750 3238 818 3278 non
841 3216 881 3278 ad
896 3212 1078 3276 Antonium
1093 3214 1149 3276 sed
1164 3214 1205 3275 ad
1218 3217 1377 3299 populum

209 3321 395 3383 Romanum
409 3322 517 3384 referri
532 3323 644 3396 debet,
662 3321 753 3383 cuius
768 3321 861 3383 nulla
873 3316 996 3382 mentio
1010 3318 1095 3380 facta
1115 3326 1180 3392 est3
1205 3328 1277 3382 tum
1299 3343 1376 3384 uero

209 3426 309 3488 uerba
325 3427 399 3488 dnm
413 3427 574 3494 Antonius
589 3425 735 3488 desciscit
749 3425 905 3506 apodosin
919 3445 1012 3486 suam
1031 3421 1209 3504 requinmt.
1240 3446 1301 3487 uec
1315 3425 1375 3487 mi·

208 3552 273 3593 nus
288 3539 435 3611 apertum
450 3540 534 3612 estp
554 3539 624 3605 107,
644 3535 662 3590 6
679 3540 753 3592 ante
769 3528 823 3617 cni
836 3528 1048 3609 quaedam-de
1064 3511 1245 3590 Octauiano
1259 3528 1376 3592 omissa

209 3657 289 3698 esse.
302 3633 448 3717 denique
463 3657 484 3717 p
504 3639 575 3709 120,
594 3640 633 3696 20
651 3655 725 3696 cum
740 3632 865 3696 codices
880 3630 1086 3694 scribendum
1100 3651 1169 3692 esse
1184 3632 1320 3697 doceant
1331 3629 1377 3698 ‘et

211 3749 284 3804 tnnc
298 3739 425 3823 quidem
444 3741 480 3803 O.
502 3741 623 3802 Caesar
637 3747 797 3802 recreatus
812 3745 861 3800 est
874 3759 912 3800 erc
930 3735 1115 3800 uulnerata
1138 3743 1275 3820 tempas,
1293 3731 1372 3816 set’,
1428 3749 1431 3754 '

210 3845 281 3928 quis
296 3865 362 3908 non
376 3845 467 3909 uidet
488 3843 644 3907 excidisse
664 3843 882 3906 narrationem
904 3845 943 3906 de
964 3852 1066 3906 morte
1088 3841 1176 3918 eius,
1201 3864 1286 3924 >quae
1308 3865 1375 3907 non

209 3952 350 4014 multum
365 3961 562 4032 postsecuta
578 3949 647 4012 esti

296 4056 392 4124 Quod
405 4056 501 4118 modo
516 4057 555 4118 de
569 4053 695 4117 lacunis
712 4053 975 4133 obseruauimns,
999 4076 1087 4116 nunc
1110 4061 1139 4114 B
1154 4073 1194 4114 ex
1217 4057 1269 4128 N,
1286 4074 1374 4115 nunc

166 4215 171 4224 .
210 4168 248 4224 N
258 4183 298 4225 ex
312 4169 342 4224 Β
356 4160 497 4243 suppleri
512 4181 616 4243 posse,
642 4180 807 4242 superesse
823 4170 934 4221 tamen
948 4180 1030 4241 quae
1045 4158 1174 4240 utrique
1189 4178 1374 4219 communes

211 4288 251 4328 ex
267 4265 445 4350 antiquiore
460 4266 569 4328 codice
583 4265 619 4328 in
633 4271 699 4326 BN
711 4264 885 4327 translatae
900 4263 976 4338 sint,
994 4262 1081 4324 idern
1095 4263 1137 4324 de'
1147 4260 1236 4324 omni
1247 4248 1375 4338 corrup-

210 4371 337 4434 tionum
351 4392 467 4454 gcnere
483 4369 581 4432 ualet.
606 4369 767 4450 permulta
782 4368 889 4441 enim,
915 4388 1004 4448 quae
1019 4367 1055 4428 iu
1077 4374 1106 4427 B
1120 4374 1270 4446 corrupta
1283 4370 1372 4433 sunt,

197 4469 200 4474 ’
241 4485 358 4525 rnoavs.
1170 4463 1200 4512 ΙΙ
