3300 5084
685 263 882 370 ιιιιιιιιο.
1217 309 1220 313 .
1250 244 1369 326 XXXV

205 455 270 499 non
292 432 385 507 licet,
408 451 465 514 pro
486 429 678 494 testimoniis
701 451 795 494 mere·
808 427 955 494 Liuianis
975 430 1087 526 heberi
1105 429 1206 496 iubet.
1230 429 1369 514 denique

98 589 101 594 .
206 561 282 604 cunr
295 539 411 602 Florus
419 529 460 600 de
472 546 573 599 morte
589 535 626 598 Ο.
643 543 676 598 et
691 535 729 597 L.
746 535 922 599 Caesarum
939 545 1065 612 narret,
1082 557 1146 618 quo
1164 557 1266 618 usque
1282 534 1370 599 Liuii

205 645 302 708 libros
316 665 384 706 non
397 641 590 726 processisse
603 662 644 704 ex
658 639 806 726 epitomis
820 641 969 718 illorum,
995 662 1059 724 quo
1073 640 1170 704 unico
1185 640 1369 704 testimonio

200 751 255 814 uti
269 749 356 825 licet,
378 748 528 834 efficitur,
543 747 690 811 Ritterus
699 769 745 810 ex
759 769 796 810 eo
809 747 881 830 ipso
894 749 982 830 qnod
994 747 1109 812 Florus
1124 747 1182 809 has
1197 767 1246 808 res
1261 757 1370 809 narret
1439 765 1446 772 ·

181 873 184 880 ’
206 879 258 920 eas
275 878 300 918 a
309 854 404 919 Liuio
420 876 546 938 quoque
568 853 701 918 traditas
717 875 785 918 esse
800 864 839 917 ut
850 863 1003 936 sequatur
1016 853 1168 936 postulat.
1186 854 1226 915 de
1237 852 1388 936 haeigi·'

205 974 306 1024 turre
323 970 509 1044 antequam
525 958 684 1022 iudicetur
696 958 877 1022 accuratius
888 961 1106 1042 quaerendum
1117 979 1185 1022 esse
1196 967 1296 1041 patet.
1314 980 1368 1021 ue·

204 1089 274 1130 reor
290 1075 400 1129 autem
413 1087 455 1127 ne
470 1064 584 1128 titulus
601 1065 703 1148 qualis
718 1066 754 1128 in
769 1065 932 1129 codicibus
938 1063 1058 1148 legitur
1067 1063 1369 1147 inhac'quaestione

204 1172 329 1236 nullius
344 1173 408 1234 fere
423 1169 578 1233 momenti
594 1170 646 1233 sit.
665 1171 813 1255 equidem
829 1180 914 1235 certe
928 1193 994 1234 non
1008 1190 1141 1252 possum
1152 1170 1233 1232 mihi
1239 1192 1368 1253 persua·

182 1343 184 1346 ,
204 1282 280 1342 dere
295 1301 371 1340 eum
386 1278 425 1339 ab
440 1276 510 1359 ipso
525 1277 620 1339 Floro
635 1275 716 1340 libro
731 1300 789 1341 suo
803 1276 983 1359 inpositum
994 1297 1074 1352 esse,
1089 1297 1164 1338 cum
1175 1276 1210 1338 in
1221 1276 1370 1359 praefati-

205 1407 279 1460 one,
296 1383 353 1446 ubi
374 1384 413 1444 de
434 1381 568 1445 consilio
581 1382 693 1466 operis
714 1405 734 1445 a
753 1405 786 1446 se
806 1382 947 1466 suscepti
969 1381 1049 1465 agit,
1073 1403 1115 1445 ne
1128 1383 1227 1445 uerbo
1240 1381 1371 1465 quidem

205 1489 296 1552 Liuii
309 1487 509 1563 meminerit,
534 1489 620 1570 quod
634 1488 743 1550 facere
751 1489 879 1564 debuit,
895 1475 933 1551 ‘si
948 1509 1023 1549 eum
1037 1497 1202 1570 tamquam
1215 1487 1339 1550 fontem
1353 1509 1372 1550 e

14 1583 18 1690 :r
116 1598 119 1603 ’
205 1617 271 1677 quo
287 1616 345 1656 sua
361 1593 468 1656 omnia
481 1593 626 1656 hauserit
641 1593 819 1657 existimari
833 1593 949 1657 uoluit.
973 1593 1056 1656 illud
1070 1615 1147 1656 uero
1162 1615 1229 1656 non
1243 1593 1372 1656 uidetur

206 1699 346 1764 dubitari
361 1721 471 1782 posse,
495 1699 574 1781 quin
595 1709 765 1783 postquam
786 1699 873 1762 Flori
892 1699 1001 1762 libello
1022 1698 1137 1762 titulus
1158 1698 1317 1781 epitomae
1332 1700 1372 1762 de

206 1807 247 1870 T.
266 1804 362 1868 Liuio
376 1803 592 1887 praescriptus
607 1805 683 1880 fuit,
702 1827 778 1868 uera
792 1804 850 1866 illa
865 1803 996 1866 Liuiani
1012 1803 1116 1885 operis
1132 1802 1283 1885 epitoma,
1300 1803 1370 1866 siue

99 1927 102 1936 ⁴
205 1905 373 1994 periochas
397 1910 502 1972 dicere
523 1905 639 1985 mauis,
666 1911 707 1972 ad
727 1911 860 1974 Florum
880 1910 1068 1984 referretur,
1084 1908 1271 1992 praesertim
1296 1929 1372 1970 cum

206 2026 342 2099 uterque
356 2015 485 2078 libellus
499 2037 565 2078 uno
581 2017 746 2080 uolumine
761 2013 915 2098 coniungi
937 2015 1062 2078 soleret.
1095 2025 1237 2078 ceterum
1257 2014 1372 2078 disere-

206 2121 332 2240 pantio,
349 2143 430 2204 quae
446 2120 589 2204 ubique
580 2134 664 2185 mter
679 2131 755 2186 Bet
769 2129 807 2187 N
818 2112 1007 2198 intercedit,
1025 2120 1122 2184 etiam
1136 2121 1172 2183 in
1187 2121 1283 2184 titulo
1297 2142 1373 2184 eon-

207 2226 303 2309 spicit
304 2249 353 2288 ur
386 2249 483 2309 quarn
505 2232 543 2289 N
559 2227 746 2312 simpliciter
767 2227 935 2310 epitomum
956 2229 995 2290 de
1021 2230 1057 2290 T.
1074 2226 1173 2290 Liuio
1194 2237 1310 2304 uocat,
1335 2249 1374 2290 ea

208 2323 390 2420 accuratius
413 2333 448 2394 in
469 2340 498 2395 Β
524 2331 670 2398 inscribit
658 2345 711 2398 tur
738 2333 873 2415 epitoma
895 2335 933 2396 de
958 2334 994 2394 T.
1017 2331 1116 2395 Liuio
1136 2333 1289 2396 bellorum
1309 2354 1373 2395 om·

207 2437 298 2500 mium
317 2459 475 2499 aemorum
497 2459 552 2518 sep
555 2438 659 2522 tmpm
662 2447 775 2500 Morem
814 2439 893 2499 haec
921 2435 1107 2520 inscriptio,
1140 2456 1335 2518 quamquam
1355 2458 1375 2499 a

207 2542 305 2606 Floro
320 2541 366 2603 ita
379 2540 520 2623 profecta
535 2562 603 2604 esse
618 2542 704 2604 credi
718 2562 785 2604 non
799 2551 921 2624 potest,
946 2551 1054 2604 tamen
1073 2562 1141 2603 non
1156 2540 1260 2604 solum
1274 2540 1374 2604 ambi-

144 2657 147 2668 '
209 2657 282 2710 tum
304 2655 395 2709 recte
412 2644 577 2728 designat,
606 2648 663 2708 sed
683 2643 984 2709 commemoratione
1013 2646 1170 2710 bellorum
1191 2645 1337 2713 ordinem
1356 2670 1377 2710 a

209 2751 363 2836 scriptore
384 2749 572 2814 institutum
593 2751 713 2814 haud
703 2761 813 2835 mepte
781 2750 973 2817 tindieat.
1005 2773 1120 2816 uerum
1140 2752 1220 2816 haec
1246 2773 1296 2816 res
1315 2774 1374 2857 nos

138 2888 141 2893 ·
210 2857 273 2921 alio
288 2856 390 2921 ducit.

296 2963 557 3047 Codicumenim
571 2963 699 3026 diuersa
722 2962 811 3047 origo
834 2986 872 3026 ea
893 2979 1075 3049 quoquere
1096 2963 1255 3042 cemitur,
1289 2967 1376 3048 quod

211 3069 298 3134 Flori
320 3093 400 3154 opus
427 3069 554 3136 diuerso
579 3072 674 3133 modo
702 3068 739 3131 in
764 3068 862 3133 libros
884 3080 917 3132 et
937 3069 1044 3153 capita
1069 3069 1286 3154 distinguunt.
1322 3076 1378 3150 Νς

211 3186 362 3258 quattuor
376 3175 473 3238 libros
494 3175 633 3238 habent:
667 3197 862 3259 quamquam
881 3197 986 3276 neque
1007 3174 1043 3237 hi
1063 3174 1148 3238 inter
1167 3197 1201 3239 se
1217 3169 1375 3239 consenti·

211 3289 287 3376 unt3
313 3302 391 3343 nam
412 3281 507 3359 ginis
507 3281 577 3344 ium
593 3280 680 3344 tertii
702 3280 776 3343 libri
790 3281 934 3357 faciunt,
956 3267 1044 3344 uhi
1034 3303 1071 3343 ιιι
1090 3288 1128 3344 Ν
1146 3281 1279 3344 secundi
1299 3281 1375 3344 ulti·

210 3373 302 3448 mum
317 3396 415 3468 caput
428 3385 542 3469 incipit
564 3390 655 3469 pso,
674 3391 727 3461 26,
745 3395 777 3447 et
797 3385 903 3502 quarti
922 3384 1053 3448 initium
1067 3386 1173 3449 medio
1193 3387 1258 3448 fere
1282 3387 1376 3449 tertio

119 3501 120 3504 ’
211 3490 247 3552 in
261 3496 299 3553 N
309 3511 331 3572 p
349 3495 401 3564 79,
420 3495 449 3566 2,
469 3511 505 3552 eo
520 3491 591 3572 ipso
611 3491 697 3565 loeo,
723 3511 787 3572 quo
808 3489 844 3552 in
858 3497 888 3551 B
908 3467 1067 3553 secundus
1088 3491 1169 3552 liber
1190 3489 1315 3573 incipit
1347 3499 1376 3553 B

211 3595 300 3660 enim
315 3604 420 3658 totum
435 3615 514 3676 opus
529 3594 564 3656 in
580 3595 658 3657 duos
673 3595 770 3657 libros
786 3593 972 3678 dispescuit.
1003 3595 1092 3657 hune
1114 3605 1277 3678 tamquam
1292 3596 1375 3659 anti-

211 3678 404 3790 quissimum
417 3709 532 3764 testem
547 3710 675 3764 secutus
692 3723 781 3776 sum,
804 3722 997 3784 quamquam
1019 3700 1209 3784 persuasum
1231 3701 1313 3765 mihi
1327 3713 1377 3767 est

211 3809 342 3873 Florum
357 3807 475 3870 librum
490 3828 588 3870 suum
602 3829 705 3890 neque
720 3807 781 3870 hoc
802 3828 907 3890 neque
927 3806 985 3870 illo
1004 3809 1100 3871 modo
1121 3807 1290 3886 diuisisse,
1312 3831 1377 3892 qua

211 3916 251 3978 de
273 3937 307 3978 re
321 3914 389 3989 ianr
403 3911 526 3977 Titzius
541 3923 626 3976 recte
642 3912 809 3977 iudicauit.
835 3935 940 3996 neque
961 3913 996 3976 in
1011 3914 1170 3997 capitibus
1191 3914 1376 3980 ordinandis

212 4020 334 4102 codices
349 4019 434 4083 inter
448 4041 482 4083 se
497 4017 715 4083 consentiunt.
739 4040 797 4102 pro
819 4018 1042 4103 antiquissimo
1057 4020 1240 4083 testimonio
1256 4021 1375 4084 haben-

213 4127 272 4188 dus
287 4135 336 4188 est
350 4125 448 4188 index
464 4126 606 4210 capitum
614 4173 624 4202 ,
648 4123 704 4207 qui
719 4123 753 4186 in
768 4133 799 4187 B
813 4125 941 4207 utrique
955 4125 1037 4188 libro
1052 4125 1288 4208 praemittitur,
1304 4149 1374 4188 mu-

213 4230 322 4318 tilatus
343 4231 371 4295 is
391 4231 521 4314 quidem
537 4229 669 4294 -nam
689 4251 711 4312 p
728 4237 764 4307 4,
786 4237 822 4292 15
845 4231 967 4293 bellum
988 4230 1167 4294 Achaicum
1189 4240 1263 4316 etp
1286 4239 1338 4306 77,
1358 4236 1373 4288 7

214 4335 264 4398 Ti.
288 4336 428 4399 Gracchi
451 4338 565 4402 seditio
594 4335 722 4400 silentio
736 4327 994 4417 'praetereuntur
1021 4344 1060 4385 ὲ-
1075 4338 1145 4400 'sed
1172 4334 1377 4419 neglegentia

1106 4452 1172 4504 ΠΙ*
