<?xml version="1.0" encoding="UTF-8"?>
<!DOCTYPE html PUBLIC "-//W3C//DTD XHTML 1.0 Transitional//EN"
    "http://www.w3.org/TR/xhtml1/DTD/xhtml1-transitional.dtd">
<html xmlns="http://www.w3.org/1999/xhtml" xml:lang="en" lang="en">
 <head>
  <title>
</title>
<meta http-equiv="Content-Type" content="text/html;charset=utf-8" />
  <meta name='ocr-system' content='tesseract 3.04.00' />
  <meta name='ocr-capabilities' content='ocr_page ocr_carea ocr_par ocr_line ocrx_word'/>
</head>
<body>
  <div class='ocr_page' id='page_1' title='image "./ivlifloriepitom00jahngoog_0158.png"; bbox 0 0 3300 5084; ppageno 0'>
   <div class='ocr_carea' id='block_1_1' title="bbox 286 313 947 372">
    <p class='ocr_par' dir='ltr' id='par_1_1' title="bbox 286 313 947 372">
     <span class='ocr_line' id='line_1_1' title="bbox 286 313 947 372; baseline 0.002 -2"><span class='ocrx_word' id='word_1_1' title='bbox 286 313 345 372; x_wconf 81' lang='grc'>101</span> <span class='ocrx_word' id='word_1_2' title='bbox 761 329 832 372; x_wconf 75' lang='lat' dir='ltr'>avar</span> <span class='ocrx_word' id='word_1_3' title='bbox 848 329 947 371; x_wconf 80' lang='lat' dir='ltr'>raom</span> 
     </span>
    </p>
   </div>
   <div class='ocr_carea' id='block_1_2' title="bbox 172 476 1431 559">
    <p class='ocr_par' dir='ltr' id='par_1_2' title="bbox 172 476 1431 559">
     <span class='ocr_line' id='line_1_2' title="bbox 172 476 1431 559; baseline -0.002 -18"><span class='ocrx_word' id='word_1_4' title='bbox 172 527 178 532; x_wconf 91' lang='lat'>.</span> <span class='ocrx_word' id='word_1_5' title='bbox 282 489 342 553; x_wconf 87' lang='lat' dir='ltr'>est,</span> <span class='ocrx_word' id='word_1_6' title='bbox 360 498 440 559; x_wconf 87' lang='lat' dir='ltr'>qnae</span> <span class='ocrx_word' id='word_1_7' title='bbox 454 476 574 538; x_wconf 78' lang='lat' dir='ltr'><strong>lanceis</strong></span> <span class='ocrx_word' id='word_1_8' title='bbox 590 476 786 559; x_wconf 78' lang='lat' dir='ltr'>tragulisque</span> <span class='ocrx_word' id='word_1_9' title='bbox 802 480 929 540; x_wconf 84' lang='lat' dir='ltr'>confixa</span> <span class='ocrx_word' id='word_1_10' title='bbox 943 477 1028 540; x_wconf 88' lang='lat' dir='ltr'>inter</span> <span class='ocrx_word' id='word_1_11' title='bbox 1043 497 1076 538; x_wconf 88' lang='lat' dir='ltr'>se</span> <span class='ocrx_word' id='word_1_12' title='bbox 1092 478 1296 552; x_wconf 87' lang='lat' dir='ltr'>tenebantur,</span> <span class='ocrx_word' id='word_1_13' title='bbox 1311 513 1353 524; x_wconf 88' lang='lat'><em>-</em></span> <span class='ocrx_word' id='word_1_14' title='bbox 1367 478 1431 540; x_wconf 86' lang='lat' dir='ltr'>foe-</span> 
     </span>
    </p>
   </div>
   <div class='ocr_carea' id='block_1_3' title="bbox 235 581 1490 1931">
    <p class='ocr_par' dir='ltr' id='par_1_3' title="bbox 283 581 1433 876">
     <span class='ocr_line' id='line_1_3' title="bbox 283 581 1432 667; baseline 0 -21"><span class='ocrx_word' id='word_1_15' title='bbox 283 586 361 646; x_wconf 92' lang='lat' dir='ltr'>dum</span> <span class='ocrx_word' id='word_1_16' title='bbox 383 582 480 644; x_wconf 90' lang='lat' dir='ltr'>etiam</span> <span class='ocrx_word' id='word_1_17' title='bbox 501 582 536 644; x_wconf 92' lang='lat' dir='ltr'>in</span> <span class='ocrx_word' id='word_1_18' title='bbox 557 582 717 644; x_wconf 87' lang='lat' dir='ltr'>barbaros.</span> <span class='ocrx_word' id='word_1_19' title='bbox 750 584 805 644; x_wconf 90' lang='lat' dir='ltr'>sed</span> <span class='ocrx_word' id='word_1_20' title='bbox 827 582 978 645; x_wconf 90' lang='lat' dir='ltr'>uidelicet</span> <span class='ocrx_word' id='word_1_21' title='bbox 999 581 1169 667; x_wconf 83' lang='lat' dir='ltr'>uictoriam</span> <span class='ocrx_word' id='word_1_22' title='bbox 1189 583 1432 664; x_wconf 79' lang='lat' dir='ltr'><strong>desperantibus</strong></span> 
     </span>
     <span class='ocr_line' id='line_1_4' title="bbox 284 685 1433 770; baseline 0 -20"><span class='ocrx_word' id='word_1_23' title='bbox 284 685 418 769; x_wconf 80' lang='lat' dir='ltr'>Pompei</span> <span class='ocrx_word' id='word_1_24' title='bbox 432 686 559 761; x_wconf 89' lang='lat' dir='ltr'>liberis,</span> <span class='ocrx_word' id='word_1_25' title='bbox 583 687 714 749; x_wconf 87' lang='lat' dir='ltr'>Gneum</span> <span class='ocrx_word' id='word_1_26' title='bbox 734 687 856 769; x_wconf 89' lang='lat' dir='ltr'>proelio</span> <span class='ocrx_word' id='word_1_27' title='bbox 870 685 1061 770; x_wconf 88' lang='lat' dir='ltr'>profugum,</span> <span class='ocrx_word' id='word_1_28' title='bbox 1086 708 1177 748; x_wconf 88' lang='lat' dir='ltr'>crure</span> <span class='ocrx_word' id='word_1_29' title='bbox 1192 687 1356 764; x_wconf 85' lang='lat' dir='ltr'>saucium,</span> <span class='ocrx_word' id='word_1_30' title='bbox 1380 690 1433 750; x_wconf 92' lang='lat' dir='ltr'>de-</span> 
     </span>
     <span class='ocr_line' id='line_1_5' title="bbox 283 791 1433 876; baseline 0.001 -21"><span class='ocrx_word' id='word_1_31' title='bbox 283 804 366 856; x_wconf 86' lang='lat' dir='ltr'>serta</span> <span class='ocrx_word' id='word_1_32' title='bbox 392 803 424 854; x_wconf 89' lang='lat' dir='ltr'>ct</span> <span class='ocrx_word' id='word_1_33' title='bbox 450 791 524 854; x_wconf 90' lang='lat' dir='ltr'>auia</span> <span class='ocrx_word' id='word_1_34' title='bbox 555 801 719 854; x_wconf 88' lang='lat' dir='ltr'>tenentem</span> <span class='ocrx_word' id='word_1_35' title='bbox 753 791 930 855; x_wconf 79' lang='lat' dir='ltr'>Caesonius</span> <span class='ocrx_word' id='word_1_36' title='bbox 964 802 1042 875; x_wconf 90' lang='lat' dir='ltr'>aput</span> <span class='ocrx_word' id='word_1_37' title='bbox 1068 793 1250 855; x_wconf 85' lang='lat' dir='ltr'>Lauronem</span> <span class='ocrx_word' id='word_1_38' title='bbox 1278 794 1433 876; x_wconf 91' lang='lat' dir='ltr'>oppidum</span> 
     </span>
    </p>

    <p class='ocr_par' dir='ltr' id='par_1_4' title="bbox 235 896 1470 1170">
     <span class='ocr_line' id='line_1_6' title="bbox 235 896 1470 981; baseline 0.003 -24"><span class='ocrx_word' id='word_1_39' title='bbox 235 899 240 905; x_wconf 80' lang='grc'><strong>’</strong></span> <span class='ocrx_word' id='word_1_40' title='bbox 268 908 489 972; x_wconf 83' lang='lat' dir='ltr'>consecutus,</span> <span class='ocrx_word' id='word_1_41' title='bbox 511 908 711 980; x_wconf 82' lang='lat' dir='ltr'>pugnantem</span> <span class='ocrx_word' id='word_1_42' title='bbox 735 898 832 981; x_wconf 88' lang='lat' dir='ltr'>[adeo</span> <span class='ocrx_word' id='word_1_43' title='bbox 853 899 998 964; x_wconf 92' lang='lat' dir='ltr'>nondum</span> <span class='ocrx_word' id='word_1_44' title='bbox 1019 897 1226 981; x_wconf 81' lang='lat' dir='ltr'>desperabat]</span> <span class='ocrx_word' id='word_1_45' title='bbox 1250 896 1429 976; x_wconf 83' lang='lat' dir='ltr'>interfecit3</span> <span class='ocrx_word' id='word_1_46' title='bbox 1454 913 1470 961; x_wconf 82' lang='lat'><strong>5</strong></span> 
     </span>
     <span class='ocr_line' id='line_1_7' title="bbox 284 996 1434 1087; baseline 0.003 -22"><span class='ocrx_word' id='word_1_47' title='bbox 284 1004 420 1066; x_wconf 84' lang='lat' dir='ltr'>Sextum</span> <span class='ocrx_word' id='word_1_48' title='bbox 445 1003 575 1064; x_wconf 85' lang='lat' dir='ltr'>fortuna</span> <span class='ocrx_word' id='word_1_49' title='bbox 600 1002 635 1064; x_wconf 92' lang='lat' dir='ltr'>in</span> <span class='ocrx_word' id='word_1_50' title='bbox 657 1001 832 1066; x_wconf 83' lang='lat' dir='ltr'>Celtiberia</span> <span class='ocrx_word' id='word_1_51' title='bbox 852 1001 983 1072; x_wconf 84' lang='lat' dir='ltr'>interim</span> <span class='ocrx_word' id='word_1_52' title='bbox 1008 1003 1176 1064; x_wconf 84' lang='lat' dir='ltr'>abscondit</span> <span class='ocrx_word' id='word_1_53' title='bbox 1202 996 1336 1086; x_wconf 80' lang='lat' dir='ltr'>aliisque</span> <span class='ocrx_word' id='word_1_54' title='bbox 1361 1015 1434 1087; x_wconf 90' lang='lat' dir='ltr'>post</span> 
     </span>
     <span class='ocr_line' id='line_1_8' title="bbox 284 1107 732 1170; baseline -0.007 0"><span class='ocrx_word' id='word_1_55' title='bbox 284 1109 451 1170; x_wconf 87' lang='lat' dir='ltr'>Caesarem</span> <span class='ocrx_word' id='word_1_56' title='bbox 466 1107 560 1169; x_wconf 89' lang='lat' dir='ltr'>bellis</span> <span class='ocrx_word' id='word_1_57' title='bbox 580 1107 732 1169; x_wconf 87' lang='lat' dir='ltr'>seruauit.</span> 
     </span>
    </p>

    <p class='ocr_par' dir='ltr' id='par_1_5' title="bbox 281 1193 1490 1931">
     <span class='ocr_line' id='line_1_9' title="bbox 282 1193 1435 1303; baseline 0.003 -28"><span class='ocrx_word' id='word_1_58' title='bbox 282 1193 286 1198; x_wconf 25' lang='grc' dir='ltr'>Ι</span> <span class='ocrx_word' id='word_1_59' title='bbox 349 1245 352 1250; x_wconf 92' lang='grc'><em>·</em></span> <span class='ocrx_word' id='word_1_60' title='bbox 379 1213 496 1275; x_wconf 86' lang='lat' dir='ltr'>Caesar</span> <span class='ocrx_word' id='word_1_61' title='bbox 520 1211 555 1272; x_wconf 89' lang='lat' dir='ltr'>in</span> <span class='ocrx_word' id='word_1_62' title='bbox 580 1211 717 1293; x_wconf 87' lang='lat' dir='ltr'>patriam</span> <span class='ocrx_word' id='word_1_63' title='bbox 743 1211 846 1274; x_wconf 89' lang='lat' dir='ltr'>uictor</span> <span class='ocrx_word' id='word_1_64' title='bbox 871 1211 1056 1286; x_wconf 87' lang='lat' dir='ltr'>inuehitur,</span> <span class='ocrx_word' id='word_1_65' title='bbox 1087 1210 1227 1293; x_wconf 86' lang='lat' dir='ltr'>primum</span> <span class='ocrx_word' id='word_1_66' title='bbox 1243 1215 1299 1303; x_wconf 66' lang='lat' dir='ltr'>¹de</span> <span class='ocrx_word' id='word_1_67' title='bbox 1325 1213 1435 1281; x_wconf 87' lang='lat' dir='ltr'>Gallia</span> 
     </span>
     <span class='ocr_line' id='line_1_10' title="bbox 282 1316 1436 1398; baseline 0.003 -19"><span class='ocrx_word' id='word_1_68' title='bbox 282 1316 484 1398; x_wconf 90' lang='lat' dir='ltr'>triumphum</span> <span class='ocrx_word' id='word_1_69' title='bbox 506 1316 635 1377; x_wconf 88' lang='lat' dir='ltr'>trahens</span> <span class='ocrx_word' id='word_1_70' title='bbox 646 1340 655 1391; x_wconf 84' lang='lat'>3</span> <span class='ocrx_word' id='word_1_71' title='bbox 679 1316 733 1378; x_wconf 92' lang='lat' dir='ltr'>hic</span> <span class='ocrx_word' id='word_1_72' title='bbox 755 1326 823 1378; x_wconf 90' lang='lat' dir='ltr'>erat</span> <span class='ocrx_word' id='word_1_73' title='bbox 846 1317 982 1379; x_wconf 88' lang='lat' dir='ltr'>Rhenus</span> <span class='ocrx_word' id='word_1_74' title='bbox 1005 1326 1037 1378; x_wconf 89' lang='lat' dir='ltr'>et</span> <span class='ocrx_word' id='word_1_75' title='bbox 1060 1317 1240 1380; x_wconf 87' lang='lat' dir='ltr'>Rhodanus</span> <span class='ocrx_word' id='word_1_76' title='bbox 1256 1328 1289 1380; x_wconf 87' lang='lat' dir='ltr'>et</span> <span class='ocrx_word' id='word_1_77' title='bbox 1304 1340 1344 1380; x_wconf 85' lang='lat' dir='ltr'>ex</span> <span class='ocrx_word' id='word_1_78' title='bbox 1359 1340 1436 1382; x_wconf 89' lang='lat' dir='ltr'>auro</span> 
     </span>
     <span class='ocr_line' id='line_1_11' title="bbox 282 1421 1490 1504; baseline 0.002 -21"><span class='ocrx_word' id='word_1_79' title='bbox 282 1421 429 1503; x_wconf 87' lang='lat' dir='ltr'>captiuus</span> <span class='ocrx_word' id='word_1_80' title='bbox 445 1421 604 1484; x_wconf 77' lang='lat' dir='ltr'>Oceanus</span> <span class='ocrx_word' id='word_1_81' title='bbox 630 1421 728 1483; x_wconf 85' lang='lat' dir='ltr'>altera</span> <span class='ocrx_word' id='word_1_82' title='bbox 749 1422 861 1483; x_wconf 86' lang='lat' dir='ltr'>laurus</span> <span class='ocrx_word' id='word_1_83' title='bbox 877 1421 1055 1504; x_wconf 85' lang='lat' dir='ltr'>Aegyptia3</span> <span class='ocrx_word' id='word_1_84' title='bbox 1082 1433 1159 1485; x_wconf 91' lang='lat' dir='ltr'>tunc</span> <span class='ocrx_word' id='word_1_85' title='bbox 1180 1423 1216 1486; x_wconf 93' lang='lat' dir='ltr'>in</span> <span class='ocrx_word' id='word_1_86' title='bbox 1230 1423 1359 1500; x_wconf 77' lang='lat' dir='ltr'>ferculis</span> <span class='ocrx_word' id='word_1_87' title='bbox 1374 1424 1434 1487; x_wconf 87' lang='lat' dir='ltr'>Ni·</span> <span class='ocrx_word' id='word_1_88' title='bbox 1456 1436 1490 1485; x_wconf 90' lang='lat' dir='ltr'>1o</span> 
     </span>
     <span class='ocr_line' id='line_1_12' title="bbox 281 1524 1434 1610; baseline 0.003 -22"><span class='ocrx_word' id='word_1_89' title='bbox 281 1527 332 1588; x_wconf 91' lang='lat' dir='ltr'>lus</span> <span class='ocrx_word' id='word_1_90' title='bbox 347 1526 483 1589; x_wconf 87' lang='lat' dir='ltr'>Arsinoe</span> <span class='ocrx_word' id='word_1_91' title='bbox 499 1535 531 1588; x_wconf 93' lang='lat' dir='ltr'>et</span> <span class='ocrx_word' id='word_1_92' title='bbox 547 1528 587 1587; x_wconf 91' lang='lat' dir='ltr'>ad</span> <span class='ocrx_word' id='word_1_93' title='bbox 602 1524 808 1589; x_wconf 85' lang='lat' dir='ltr'>simulacrum</span> <span class='ocrx_word' id='word_1_94' title='bbox 822 1525 950 1610; x_wconf 88' lang='lat' dir='ltr'>ignium</span> <span class='ocrx_word' id='word_1_95' title='bbox 965 1528 1079 1590; x_wconf 87' lang='lat' dir='ltr'>ardens</span> <span class='ocrx_word' id='word_1_96' title='bbox 1096 1529 1237 1591; x_wconf 81' lang='lat' dir='ltr'>Pharos·</span> <span class='ocrx_word' id='word_1_97' title='bbox 1257 1528 1371 1591; x_wconf 89' lang='lat' dir='ltr'>tertius</span> <span class='ocrx_word' id='word_1_98' title='bbox 1394 1532 1434 1592; x_wconf 93' lang='lat' dir='ltr'>de</span> 
     </span>
     <span class='ocr_line' id='line_1_13' title="bbox 283 1631 1435 1714; baseline -0.002 -20"><span class='ocrx_word' id='word_1_99' title='bbox 283 1632 449 1694; x_wconf 89' lang='lat' dir='ltr'>Pharnace</span> <span class='ocrx_word' id='word_1_100' title='bbox 464 1653 574 1694; x_wconf 89' lang='lat' dir='ltr'>currus</span> <span class='ocrx_word' id='word_1_101' title='bbox 596 1643 628 1694; x_wconf 90' lang='lat' dir='ltr'>et</span> <span class='ocrx_word' id='word_1_102' title='bbox 651 1634 767 1695; x_wconf 91' lang='lat' dir='ltr'>Ponto.</span> <span class='ocrx_word' id='word_1_103' title='bbox 793 1642 927 1714; x_wconf 89' lang='lat' dir='ltr'>quartus</span> <span class='ocrx_word' id='word_1_104' title='bbox 950 1633 1067 1694; x_wconf 92' lang='lat' dir='ltr'>Iubam</span> <span class='ocrx_word' id='word_1_105' title='bbox 1088 1642 1120 1695; x_wconf 95' lang='lat' dir='ltr'>et</span> <span class='ocrx_word' id='word_1_106' title='bbox 1142 1631 1379 1694; x_wconf 88' lang='lat' dir='ltr'>Mauretaniam</span> <span class='ocrx_word' id='word_1_107' title='bbox 1402 1642 1435 1692; x_wconf 89' lang='lat' dir='ltr'>et</span> 
     </span>
     <span class='ocr_line' id='line_1_14' title="bbox 281 1737 1484 1821; baseline -0.001 -23"><span class='ocrx_word' id='word_1_108' title='bbox 281 1737 331 1799; x_wconf 89' lang='lat' dir='ltr'>bis</span> <span class='ocrx_word' id='word_1_109' title='bbox 347 1738 514 1800; x_wconf 85' lang='lat' dir='ltr'>subactam</span> <span class='ocrx_word' id='word_1_110' title='bbox 535 1738 724 1799; x_wconf 87' lang='lat' dir='ltr'>ostendebat</span> <span class='ocrx_word' id='word_1_111' title='bbox 746 1737 953 1821; x_wconf 88' lang='lat' dir='ltr'>Hispaniam.</span> <span class='ocrx_word' id='word_1_112' title='bbox 990 1737 1158 1801; x_wconf 86' lang='lat' dir='ltr'>Pharsalia</span> <span class='ocrx_word' id='word_1_113' title='bbox 1179 1747 1212 1800; x_wconf 90' lang='lat' dir='ltr'>et</span> <span class='ocrx_word' id='word_1_114' title='bbox 1232 1737 1378 1818; x_wconf 86' lang='lat' dir='ltr'>Thapsos</span> <span class='ocrx_word' id='word_1_115' title='bbox 1401 1745 1434 1797; x_wconf 90' lang='lat' dir='ltr'>et</span> <span class='ocrx_word' id='word_1_116' title='bbox 1479 1763 1484 1768; x_wconf 59' lang='grc'><strong>’</strong></span> 
     </span>
     <span class='ocr_line' id='line_1_15' title="bbox 282 1841 1434 1931; baseline -0.002 -27"><span class='ocrx_word' id='word_1_117' title='bbox 282 1843 407 1904; x_wconf 89' lang='lat' dir='ltr'>Munda</span> <span class='ocrx_word' id='word_1_118' title='bbox 436 1864 612 1924; x_wconf 88' lang='lat' dir='ltr'>nusquam;</span> <span class='ocrx_word' id='word_1_119' title='bbox 649 1853 682 1904; x_wconf 89' lang='lat' dir='ltr'>et</span> <span class='ocrx_word' id='word_1_120' title='bbox 710 1853 833 1926; x_wconf 80' lang='lat' dir='ltr'>quanto¹</span> <span class='ocrx_word' id='word_1_121' title='bbox 859 1842 980 1905; x_wconf 87' lang='lat' dir='ltr'>maiora</span> <span class='ocrx_word' id='word_1_122' title='bbox 1009 1853 1118 1919; x_wconf 89' lang='lat' dir='ltr'>crant,</span> <span class='ocrx_word' id='word_1_123' title='bbox 1156 1841 1341 1931; x_wconf 80' lang='lat' dir='ltr'>dequibus</span> <span class='ocrx_word' id='word_1_124' title='bbox 1367 1863 1434 1904; x_wconf 92' lang='lat' dir='ltr'>non</span> 
     </span>
    </p>
   </div>
   <div class='ocr_carea' id='block_1_4' title="bbox 283 1946 1583 2028">
    <p class='ocr_par' dir='ltr' id='par_1_6' title="bbox 283 1946 1583 2028">
     <span class='ocr_line' id='line_1_16' title="bbox 283 1946 1583 2028; baseline -0.002 -20"><span class='ocrx_word' id='word_1_125' title='bbox 283 1946 519 2028; x_wconf 88' lang='lat' dir='ltr'>triumphabat!</span> <span class='ocrx_word' id='word_1_126' title='bbox 1456 1957 1489 2006; x_wconf 84' lang='lat'>15</span> <span class='ocrx_word' id='word_1_127' title='bbox 1576 1979 1583 1986; x_wconf 95' lang='lat'>·</span> 
     </span>
    </p>
   </div>
   <div class='ocr_carea' id='block_1_5' title="bbox 281 2050 1490 2765">
    <p class='ocr_par' dir='ltr' id='par_1_7' title="bbox 281 2050 1490 2765">
     <span class='ocr_line' id='line_1_17' title="bbox 366 2050 1435 2135; baseline 0.001 -23"><span class='ocrx_word' id='word_1_128' title='bbox 366 2050 432 2112; x_wconf 91' lang='lat' dir='ltr'>Hic</span> <span class='ocrx_word' id='word_1_129' title='bbox 448 2051 620 2132; x_wconf 88' lang='lat' dir='ltr'>aliquando</span> <span class='ocrx_word' id='word_1_130' title='bbox 634 2053 709 2114; x_wconf 90' lang='lat' dir='ltr'>finis</span> <span class='ocrx_word' id='word_1_131' title='bbox 725 2053 819 2115; x_wconf 87' lang='lat' dir='ltr'>armis</span> <span class='ocrx_word' id='word_1_132' title='bbox 841 2053 904 2114; x_wconf 84' lang='lat' dir='ltr'>fuit</span> <span class='ocrx_word' id='word_1_133' title='bbox 910 2077 919 2127; x_wconf 83' lang='lat'>3</span> <span class='ocrx_word' id='word_1_134' title='bbox 945 2053 1069 2134; x_wconf 88' lang='lat' dir='ltr'>reliqua</span> <span class='ocrx_word' id='word_1_135' title='bbox 1090 2075 1155 2135; x_wconf 87' lang='lat' dir='ltr'>pax</span> <span class='ocrx_word' id='word_1_136' title='bbox 1175 2053 1344 2115; x_wconf 86' lang='lat' dir='ltr'>incruenta</span> <span class='ocrx_word' id='word_1_137' title='bbox 1358 2073 1435 2134; x_wconf 88' lang='lat' dir='ltr'>pen·</span> 
     </span>
     <span class='ocr_line' id='line_1_18' title="bbox 282 2154 1434 2240; baseline 0.001 -22"><span class='ocrx_word' id='word_1_138' title='bbox 282 2165 449 2236; x_wconf 88' lang='lat' dir='ltr'>satumque</span> <span class='ocrx_word' id='word_1_139' title='bbox 465 2154 636 2217; x_wconf 87' lang='lat' dir='ltr'>clementia</span> <span class='ocrx_word' id='word_1_140' title='bbox 650 2156 783 2218; x_wconf 89' lang='lat' dir='ltr'>bellum.</span> <span class='ocrx_word' id='word_1_141' title='bbox 809 2174 904 2217; x_wconf 91' lang='lat' dir='ltr'>nemo</span> <span class='ocrx_word' id='word_1_142' title='bbox 919 2178 1031 2219; x_wconf 89' lang='lat' dir='ltr'>caesus</span> <span class='ocrx_word' id='word_1_143' title='bbox 1046 2157 1179 2240; x_wconf 86' lang='lat' dir='ltr'>imperio</span> <span class='ocrx_word' id='word_1_144' title='bbox 1201 2167 1327 2239; x_wconf 87' lang='lat' dir='ltr'>praeter</span> <span class='ocrx_word' id='word_1_145' title='bbox 1340 2157 1434 2219; x_wconf 86' lang='lat' dir='ltr'>Afra-</span> 
     </span>
     <span class='ocr_line' id='line_1_19' title="bbox 281 2258 1434 2344; baseline 0.002 -22"><span class='ocrx_word' id='word_1_146' title='bbox 281 2260 373 2344; x_wconf 80' lang='lat' dir='ltr'>nium</span> <span class='ocrx_word' id='word_1_147' title='bbox 389 2259 487 2340; x_wconf 89' lang='lat' dir='ltr'>(satis</span> <span class='ocrx_word' id='word_1_148' title='bbox 503 2258 672 2340; x_wconf 87' lang='lat' dir='ltr'>ignouerat</span> <span class='ocrx_word' id='word_1_149' title='bbox 687 2260 806 2341; x_wconf 89' lang='lat' dir='ltr'>semel)</span> <span class='ocrx_word' id='word_1_150' title='bbox 823 2272 855 2322; x_wconf 90' lang='lat' dir='ltr'>et</span> <span class='ocrx_word' id='word_1_151' title='bbox 870 2261 1027 2322; x_wconf 82' lang='lat' dir='ltr'>Faustum</span> <span class='ocrx_word' id='word_1_152' title='bbox 1043 2261 1168 2323; x_wconf 85' lang='lat' dir='ltr'>Sullam</span> <span class='ocrx_word' id='word_1_153' title='bbox 1192 2262 1365 2341; x_wconf 84' lang='lat' dir='ltr'>(docuerat</span> <span class='ocrx_word' id='word_1_154' title='bbox 1379 2283 1434 2343; x_wconf 89' lang='lat' dir='ltr'>ge-</span> 
     </span>
     <span class='ocr_line' id='line_1_20' title="bbox 281 2365 1434 2449; baseline 0 -22"><span class='ocrx_word' id='word_1_155' title='bbox 281 2389 374 2429; x_wconf 91' lang='lat' dir='ltr'>neros</span> <span class='ocrx_word' id='word_1_156' title='bbox 391 2365 501 2428; x_wconf 88' lang='lat' dir='ltr'>timere</span> <span class='ocrx_word' id='word_1_157' title='bbox 517 2365 710 2448; x_wconf 89' lang='lat' dir='ltr'>Pompeius)</span> <span class='ocrx_word' id='word_1_158' title='bbox 726 2365 890 2447; x_wconf 90' lang='lat' dir='ltr'>filiamque</span> <span class='ocrx_word' id='word_1_159' title='bbox 906 2365 1040 2449; x_wconf 90' lang='lat' dir='ltr'>Pompei</span> <span class='ocrx_word' id='word_1_160' title='bbox 1054 2376 1086 2427; x_wconf 94' lang='lat' dir='ltr'>et</span> <span class='ocrx_word' id='word_1_161' title='bbox 1101 2365 1254 2449; x_wconf 89' lang='lat' dir='ltr'>paruulos</span> <span class='ocrx_word' id='word_1_162' title='bbox 1277 2385 1318 2426; x_wconf 86' lang='lat' dir='ltr'>ex</span> <span class='ocrx_word' id='word_1_163' title='bbox 1340 2365 1434 2427; x_wconf 87' lang='lat' dir='ltr'>Sulla</span> 
     </span>
     <span class='ocr_line' id='line_1_21' title="bbox 283 2469 1490 2554; baseline -0.001 -22"><span class='ocrx_word' id='word_1_164' title='bbox 283 2472 350 2554; x_wconf 84' lang='lat' dir='ltr'>(hic</span> <span class='ocrx_word' id='word_1_165' title='bbox 375 2469 509 2554; x_wconf 85' lang='lat' dir='ltr'>posteris</span> <span class='ocrx_word' id='word_1_166' title='bbox 525 2471 723 2553; x_wconf 83' lang='lat' dir='ltr'>canebatur).</span> <span class='ocrx_word' id='word_1_167' title='bbox 761 2471 870 2554; x_wconf 86' lang='lat' dir='ltr'>itaque</span> <span class='ocrx_word' id='word_1_168' title='bbox 896 2492 962 2533; x_wconf 91' lang='lat' dir='ltr'>non</span> <span class='ocrx_word' id='word_1_169' title='bbox 983 2470 1117 2553; x_wconf 87' lang='lat' dir='ltr'>ingratis</span> <span class='ocrx_word' id='word_1_170' title='bbox 1132 2469 1258 2532; x_wconf 86' lang='lat' dir='ltr'>ciuibus</span> <span class='ocrx_word' id='word_1_171' title='bbox 1274 2490 1384 2536; x_wconf 87' lang='lat' dir='ltr'>omnes</span> <span class='ocrx_word' id='word_1_172' title='bbox 1399 2469 1435 2532; x_wconf 92' lang='lat' dir='ltr'>in</span> <span class='ocrx_word' id='word_1_173' title='bbox 1455 2482 1490 2532; x_wconf 81' lang='lat'>2⁰</span> 
     </span>
     <span class='ocr_line' id='line_1_22' title="bbox 281 2573 1435 2660; baseline -0.001 -21"><span class='ocrx_word' id='word_1_174' title='bbox 281 2577 460 2660; x_wconf 89' lang='lat' dir='ltr'>principem</span> <span class='ocrx_word' id='word_1_175' title='bbox 475 2575 618 2658; x_wconf 85' lang='lat' dir='ltr'>congesti</span> <span class='ocrx_word' id='word_1_176' title='bbox 633 2577 787 2653; x_wconf 87' lang='lat' dir='ltr'>honores,</span> <span class='ocrx_word' id='word_1_177' title='bbox 816 2577 901 2639; x_wconf 86' lang='lat' dir='ltr'>cirea</span> <span class='ocrx_word' id='word_1_178' title='bbox 916 2577 1036 2659; x_wconf 90' lang='lat' dir='ltr'>templa</span> <span class='ocrx_word' id='word_1_179' title='bbox 1051 2574 1227 2658; x_wconf 76' lang='lat' dir='ltr'>imagineS,</span> <span class='ocrx_word' id='word_1_180' title='bbox 1250 2573 1287 2635; x_wconf 91' lang='lat' dir='ltr'>in&#39;</span> <span class='ocrx_word' id='word_1_181' title='bbox 1309 2575 1435 2638; x_wconf 88' lang='lat' dir='ltr'>theatro</span> 
     </span>
     <span class='ocr_line' id='line_1_23' title="bbox 282 2678 1432 2765; baseline -0.001 -21"><span class='ocrx_word' id='word_1_182' title='bbox 282 2682 434 2744; x_wconf 85' lang='lat' dir='ltr'>distincta</span> <span class='ocrx_word' id='word_1_183' title='bbox 448 2681 546 2743; x_wconf 89' lang='lat' dir='ltr'>radiis</span> <span class='ocrx_word' id='word_1_184' title='bbox 562 2703 695 2756; x_wconf 91' lang='lat' dir='ltr'>corona,</span> <span class='ocrx_word' id='word_1_185' title='bbox 720 2693 889 2765; x_wconf 87' lang='lat' dir='ltr'>suggestus</span> <span class='ocrx_word' id='word_1_186' title='bbox 912 2681 1070 2757; x_wconf 88' lang='lat' dir='ltr'>incuria,</span> <span class='ocrx_word' id='word_1_187' title='bbox 1094 2678 1260 2762; x_wconf 88' lang='lat' dir='ltr'>fastigium</span> <span class='ocrx_word' id='word_1_188' title='bbox 1274 2678 1309 2740; x_wconf 92' lang='lat' dir='ltr'>in</span> <span class='ocrx_word' id='word_1_189' title='bbox 1325 2681 1432 2756; x_wconf 87' lang='lat' dir='ltr'>domo,</span> 
     </span>
    </p>
   </div>
   <div class='ocr_carea' id='block_1_6' title="bbox 176 2784 1433 2870">
    <p class='ocr_par' dir='ltr' id='par_1_8' title="bbox 176 2784 1433 2870">
     <span class='ocr_line' id='line_1_24' title="bbox 176 2784 1433 2870; baseline 0 -23"><span class='ocrx_word' id='word_1_190' title='bbox 176 2855 180 2858; x_wconf 47' lang='grc'>,</span> <span class='ocrx_word' id='word_1_191' title='bbox 281 2786 400 2848; x_wconf 87' lang='lat' dir='ltr'>mensis</span> <span class='ocrx_word' id='word_1_192' title='bbox 416 2785 451 2846; x_wconf 92' lang='lat' dir='ltr'>in</span> <span class='ocrx_word' id='word_1_193' title='bbox 467 2787 566 2862; x_wconf 92' lang='lat' dir='ltr'>caelo,</span> <span class='ocrx_word' id='word_1_194' title='bbox 586 2788 701 2848; x_wconf 89' lang='lat' dir='ltr'>adhoc</span> <span class='ocrx_word' id='word_1_195' title='bbox 716 2798 806 2870; x_wconf 88' lang='lat' dir='ltr'>pater</span> <span class='ocrx_word' id='word_1_196' title='bbox 821 2787 890 2870; x_wconf 90' lang='lat' dir='ltr'>ipse</span> <span class='ocrx_word' id='word_1_197' title='bbox 901 2787 1023 2869; x_wconf 88' lang='lat' dir='ltr'>patriae</span> <span class='ocrx_word' id='word_1_198' title='bbox 1034 2794 1272 2869; x_wconf 87' lang='lat' dir='ltr'>perpetuusque</span> <span class='ocrx_word' id='word_1_199' title='bbox 1284 2784 1433 2860; x_wconf 87' lang='lat' dir='ltr'>dictator,</span> 
     </span>
    </p>
   </div>
   <div class='ocr_carea' id='block_1_7' title="bbox 281 2889 1488 3288">
    <p class='ocr_par' dir='ltr' id='par_1_9' title="bbox 281 2889 1488 3288">
     <span class='ocr_line' id='line_1_25' title="bbox 281 2889 1434 2975; baseline -0.003 -23"><span class='ocrx_word' id='word_1_200' title='bbox 281 2889 475 2964; x_wconf 86' lang='lat' dir='ltr'>nouissime,</span> <span class='ocrx_word' id='word_1_201' title='bbox 498 2890 634 2952; x_wconf 92' lang='lat' dir='ltr'>dubium</span> <span class='ocrx_word' id='word_1_202' title='bbox 650 2914 691 2953; x_wconf 90' lang='lat' dir='ltr'>an</span> <span class='ocrx_word' id='word_1_203' title='bbox 706 2891 776 2974; x_wconf 89' lang='lat' dir='ltr'>ipso</span> <span class='ocrx_word' id='word_1_204' title='bbox 791 2893 940 2967; x_wconf 90' lang='lat' dir='ltr'>nolente,</span> <span class='ocrx_word' id='word_1_205' title='bbox 958 2892 1066 2954; x_wconf 89' lang='lat' dir='ltr'>oblata</span> <span class='ocrx_word' id='word_1_206' title='bbox 1079 2890 1261 2975; x_wconf 79' lang='lat' dir='ltr'>prorostris</span> <span class='ocrx_word' id='word_1_207' title='bbox 1278 2892 1317 2952; x_wconf 94' lang='lat' dir='ltr'>ab</span> <span class='ocrx_word' id='word_1_208' title='bbox 1333 2889 1434 2950; x_wconf 87' lang='lat' dir='ltr'>Anto-</span> 
     </span>
     <span class='ocr_line' id='line_1_26' title="bbox 282 2993 1488 3079; baseline -0.001 -24"><span class='ocrx_word' id='word_1_209' title='bbox 282 2995 336 3056; x_wconf 92' lang='lat' dir='ltr'>nio</span> <span class='ocrx_word' id='word_1_210' title='bbox 352 2994 483 3056; x_wconf 85' lang='lat' dir='ltr'>consule</span> <span class='ocrx_word' id='word_1_211' title='bbox 499 2995 589 3079; x_wconf 87' lang='lat' dir='ltr'>regni</span> <span class='ocrx_word' id='word_1_212' title='bbox 604 2995 755 3078; x_wconf 90' lang='lat' dir='ltr'>insignia.</span> <span class='ocrx_word' id='word_1_213' title='bbox 781 3018 863 3078; x_wconf 90' lang='lat' dir='ltr'>quac</span> <span class='ocrx_word' id='word_1_214' title='bbox 878 2996 987 3059; x_wconf 89' lang='lat' dir='ltr'>omnia</span> <span class='ocrx_word' id='word_1_215' title='bbox 1001 2997 1092 3058; x_wconf 90' lang='lat' dir='ltr'>uelut</span> <span class='ocrx_word' id='word_1_216' title='bbox 1107 2996 1230 3057; x_wconf 84' lang='lat' dir='ltr'>infulae</span> <span class='ocrx_word' id='word_1_217' title='bbox 1245 2995 1281 3056; x_wconf 91' lang='lat' dir='ltr'>in</span> <span class='ocrx_word' id='word_1_218' title='bbox 1296 2993 1434 3075; x_wconf 80' lang='lat' dir='ltr'>destina·</span> <span class='ocrx_word' id='word_1_219' title='bbox 1455 3005 1488 3054; x_wconf 84' lang='lat'>25</span> 
     </span>
     <span class='ocr_line' id='line_1_27' title="bbox 283 3097 1435 3183; baseline -0.003 -21"><span class='ocrx_word' id='word_1_220' title='bbox 283 3113 349 3162; x_wconf 89' lang='lat' dir='ltr'>tam</span> <span class='ocrx_word' id='word_1_221' title='bbox 363 3098 458 3162; x_wconf 87' lang='lat' dir='ltr'>morti</span> <span class='ocrx_word' id='word_1_222' title='bbox 474 3099 641 3162; x_wconf 90' lang='lat' dir='ltr'>uictimam</span> <span class='ocrx_word' id='word_1_223' title='bbox 662 3101 926 3182; x_wconf 86' lang='lat' dir='ltr'>congerebantur.</span> <span class='ocrx_word' id='word_1_224' title='bbox 952 3101 1069 3183; x_wconf 89' lang='lat' dir='ltr'>quippe</span> <span class='ocrx_word' id='word_1_225' title='bbox 1092 3099 1297 3163; x_wconf 88' lang='lat' dir='ltr'>clementiam</span> <span class='ocrx_word' id='word_1_226' title='bbox 1318 3097 1435 3183; x_wconf 88' lang='lat' dir='ltr'>princi-</span> 
     </span>
     <span class='ocr_line' id='line_1_28' title="bbox 281 3204 1432 3288; baseline 0.001 -24"><span class='ocrx_word' id='word_1_227' title='bbox 281 3205 331 3288; x_wconf 86' lang='lat' dir='ltr'>pis</span> <span class='ocrx_word' id='word_1_228' title='bbox 347 3205 427 3266; x_wconf 89' lang='lat' dir='ltr'>uicit</span> <span class='ocrx_word' id='word_1_229' title='bbox 442 3204 585 3280; x_wconf 88' lang='lat' dir='ltr'>inuidia,</span> <span class='ocrx_word' id='word_1_230' title='bbox 602 3204 773 3287; x_wconf 85' lang='lat' dir='ltr'>granisque</span> <span class='ocrx_word' id='word_1_231' title='bbox 788 3216 856 3269; x_wconf 86' lang='lat' dir='ltr'>erat</span> <span class='ocrx_word' id='word_1_232' title='bbox 870 3205 979 3269; x_wconf 87' lang='lat' dir='ltr'>liberis</span> <span class='ocrx_word' id='word_1_233' title='bbox 988 3206 1065 3288; x_wconf 85' lang='lat' dir='ltr'>ipsa</span> <span class='ocrx_word' id='word_1_234' title='bbox 1078 3205 1307 3268; x_wconf 87' lang='lat' dir='ltr'>beneficiorum</span> <span class='ocrx_word' id='word_1_235' title='bbox 1321 3214 1432 3287; x_wconf 89' lang='lat' dir='ltr'>poten·</span> 
     </span>
    </p>
   </div>
   <div class='ocr_carea' id='block_1_8' title="bbox 177 3299 1494 3387">
    <p class='ocr_par' dir='ltr' id='par_1_10' title="bbox 177 3299 1494 3387">
     <span class='ocr_line' id='line_1_29' title="bbox 177 3299 1494 3387; baseline 0 -17"><span class='ocrx_word' id='word_1_236' title='bbox 177 3299 181 3302; x_wconf 32' lang='lat'><strong>¹</strong></span> <span class='ocrx_word' id='word_1_237' title='bbox 283 3310 338 3371; x_wconf 90' lang='lat' dir='ltr'>tia.</span> <span class='ocrx_word' id='word_1_238' title='bbox 363 3331 422 3371; x_wconf 88' lang='lat' dir='ltr'>nec</span> <span class='ocrx_word' id='word_1_239' title='bbox 439 3309 560 3372; x_wconf 90' lang='lat' dir='ltr'>diutius</span> <span class='ocrx_word' id='word_1_240' title='bbox 575 3310 675 3373; x_wconf 87' lang='lat' dir='ltr'>dilata</span> <span class='ocrx_word' id='word_1_241' title='bbox 690 3309 869 3372; x_wconf 88' lang='lat' dir='ltr'>coniuratio</span> <span class='ocrx_word' id='word_1_242' title='bbox 883 3320 943 3387; x_wconf 90' lang='lat' dir='ltr'>est,</span> <span class='ocrx_word' id='word_1_243' title='bbox 961 3313 1017 3373; x_wconf 89' lang='lat' dir='ltr'>sed</span> <span class='ocrx_word' id='word_1_244' title='bbox 1031 3314 1153 3373; x_wconf 89' lang='lat' dir='ltr'>Brutus</span> <span class='ocrx_word' id='word_1_245' title='bbox 1169 3320 1202 3372; x_wconf 92' lang='lat' dir='ltr'>et</span> <span class='ocrx_word' id='word_1_246' title='bbox 1216 3309 1346 3374; x_wconf 81' lang='lat' dir='ltr'>Cassius</span> <span class='ocrx_word' id='word_1_247' title='bbox 1368 3308 1436 3371; x_wconf 88' lang='lat' dir='ltr'>alii·</span> <span class='ocrx_word' id='word_1_248' title='bbox 1491 3335 1494 3342; x_wconf 60' lang='lat'><strong><em>¹</em></strong></span> 
     </span>
    </p>
   </div>
   <div class='ocr_carea' id='block_1_9' title="bbox 283 3411 1431 3502">
    <p class='ocr_par' dir='ltr' id='par_1_11' title="bbox 283 3411 1431 3502">
     <span class='ocr_line' id='line_1_30' title="bbox 283 3411 1431 3502; baseline -0.002 -25"><span class='ocrx_word' id='word_1_249' title='bbox 283 3437 344 3498; x_wconf 92' lang='lat' dir='ltr'>que</span> <span class='ocrx_word' id='word_1_250' title='bbox 365 3426 471 3498; x_wconf 87' lang='lat' dir='ltr'>patres</span> <span class='ocrx_word' id='word_1_251' title='bbox 498 3437 685 3483; x_wconf 84' lang='lat' dir='ltr'>consensere</span> <span class='ocrx_word' id='word_1_252' title='bbox 711 3415 746 3480; x_wconf 86' lang='lat' dir='ltr'>in</span> <span class='ocrx_word' id='word_1_253' title='bbox 772 3417 902 3480; x_wconf 90' lang='lat' dir='ltr'>caedem</span> <span class='ocrx_word' id='word_1_254' title='bbox 927 3415 1093 3502; x_wconf 90' lang='lat' dir='ltr'>principis.</span> <span class='ocrx_word' id='word_1_255' title='bbox 1131 3426 1252 3498; x_wconf 90' lang='lat' dir='ltr'>quanta</span> <span class='ocrx_word' id='word_1_256' title='bbox 1277 3415 1328 3478; x_wconf 88' lang='lat' dir='ltr'>uis</span> <span class='ocrx_word' id='word_1_257' title='bbox 1350 3411 1431 3477; x_wconf 84' lang='lat' dir='ltr'>fati!</span> 
     </span>
    </p>
   </div>
   <div class='ocr_carea' id='block_1_10' title="bbox 201 3681 1511 4430">
    <p class='ocr_par' dir='ltr' id='par_1_12' title="bbox 283 3681 1451 3927">
     <span class='ocr_line' id='line_1_31' title="bbox 285 3681 1435 3758; baseline -0.005 -20"><span class='ocrx_word' id='word_1_258' title='bbox 285 3690 296 3737; x_wconf 93' lang='lat'>1</span> <span class='ocrx_word' id='word_1_259' title='bbox 312 3687 411 3739; x_wconf 87' lang='lat' dir='ltr'>lanceis</span> <span class='ocrx_word' id='word_1_260' title='bbox 423 3687 520 3756; x_wconf 70' lang='lat' dir='ltr'>scrqrsi</span> <span class='ocrx_word' id='word_1_261' title='bbox 526 3708 535 3738; x_wconf 91' lang='lat'><em>:</em></span> <span class='ocrx_word' id='word_1_262' title='bbox 553 3687 680 3758; x_wconf 80' lang='lat' dir='ltr'>plaustris</span> <span class='ocrx_word' id='word_1_263' title='bbox 691 3699 719 3751; x_wconf 82' lang='lat' dir='ltr'>B,</span> <span class='ocrx_word' id='word_1_264' title='bbox 737 3687 799 3756; x_wconf 85' lang='lat' dir='ltr'>pilis</span> <span class='ocrx_word' id='word_1_265' title='bbox 816 3685 861 3754; x_wconf 92' lang='grc' dir='ltr'>Ν1</span> <span class='ocrx_word' id='word_1_266' title='bbox 874 3684 1023 3754; x_wconf 88' lang='lat' dir='ltr'>iaculisque</span> <span class='ocrx_word' id='word_1_267' title='bbox 1034 3696 1057 3738; x_wconf 98' lang='lat' dir='ltr'><em>N</em></span> <span class='ocrx_word' id='word_1_268' title='bbox 1069 3684 1078 3754; x_wconf 92' lang='grc'>11</span> <span class='ocrx_word' id='word_1_269' title='bbox 1091 3687 1106 3735; x_wconf 86' lang='grc'>3</span> <span class='ocrx_word' id='word_1_270' title='bbox 1127 3700 1221 3740; x_wconf 81' lang='lat' dir='ltr'>amore</span> <span class='ocrx_word' id='word_1_271' title='bbox 1232 3695 1251 3735; x_wconf 80' lang='lat' dir='ltr'><em>B</em></span> <span class='ocrx_word' id='word_1_272' title='bbox 1264 3682 1273 3751; x_wconf 94' lang='grc'>11</span> <span class='ocrx_word' id='word_1_273' title='bbox 1285 3682 1377 3734; x_wconf 85' lang='lat' dir='ltr'>saucio</span> <span class='ocrx_word' id='word_1_274' title='bbox 1389 3692 1415 3732; x_wconf 88' lang='lat' dir='ltr'><em>N</em></span> <span class='ocrx_word' id='word_1_275' title='bbox 1425 3681 1435 3749; x_wconf 94' lang='grc'>11</span> 
     </span>
     <span class='ocr_line' id='line_1_32' title="bbox 284 3762 1451 3841; baseline -0.009 -17"><span class='ocrx_word' id='word_1_276' title='bbox 284 3771 403 3824; x_wconf 81' lang='lat' dir='ltr'>lanium</span> <span class='ocrx_word' id='word_1_277' title='bbox 415 3784 435 3824; x_wconf 84' lang='lat' dir='ltr'><em>B</em></span> <span class='ocrx_word' id='word_1_278' title='bbox 447 3772 457 3841; x_wconf 92' lang='grc'>11</span> <span class='ocrx_word' id='word_1_279' title='bbox 476 3779 578 3824; x_wconf 89' lang='lat' dir='ltr'>tentem</span> <span class='ocrx_word' id='word_1_280' title='bbox 600 3773 631 3836; x_wconf 84' lang='lat' dir='ltr'>b,</span> <span class='ocrx_word' id='word_1_281' title='bbox 650 3777 786 3840; x_wconf 89' lang='lat' dir='ltr'>petentem</span> <span class='ocrx_word' id='word_1_282' title='bbox 805 3782 831 3822; x_wconf 87' lang='lat' dir='ltr'><em>N</em></span> <span class='ocrx_word' id='word_1_283' title='bbox 841 3770 850 3839; x_wconf 91' lang='grc'>11</span> <span class='ocrx_word' id='word_1_284' title='bbox 864 3774 879 3821; x_wconf 78' lang='lat'>5</span> <span class='ocrx_word' id='word_1_285' title='bbox 899 3769 1026 3822; x_wconf 85' lang='lat' dir='ltr'>interficit</span> <span class='ocrx_word' id='word_1_286' title='bbox 1038 3763 1067 3822; x_wconf 81' lang='grc' dir='ltr'><em>Ν</em></span> <span class='ocrx_word' id='word_1_287' title='bbox 1077 3769 1086 3840; x_wconf 91' lang='grc'>1</span> <span class='ocrx_word' id='word_1_288' title='bbox 1099 3772 1114 3821; x_wconf 87' lang='grc'><strong>6</strong></span> <span class='ocrx_word' id='word_1_289' title='bbox 1133 3775 1240 3820; x_wconf 83' lang='lat' dir='ltr'>sextum</span> <span class='ocrx_word' id='word_1_290' title='bbox 1258 3766 1287 3818; x_wconf 90' lang='lat' dir='ltr'>in</span> <span class='ocrx_word' id='word_1_291' title='bbox 1306 3765 1369 3817; x_wconf 88' lang='lat' dir='ltr'>eclti</span> <span class='ocrx_word' id='word_1_292' title='bbox 1381 3764 1434 3815; x_wconf 85' lang='lat' dir='ltr'>for·</span> <span class='ocrx_word' id='word_1_293' title='bbox 1448 3762 1451 3770; x_wconf 83' lang='lat'>&#39;</span> 
     </span>
     <span class='ocr_line' id='line_1_33' title="bbox 283 3845 1432 3927; baseline -0.01 -18"><span class='ocrx_word' id='word_1_294' title='bbox 283 3863 350 3908; x_wconf 88' lang='lat' dir='ltr'>tuna</span> <span class='ocrx_word' id='word_1_295' title='bbox 361 3857 389 3908; x_wconf 93' lang='lat' dir='ltr'>in</span> <span class='ocrx_word' id='word_1_296' title='bbox 404 3849 567 3909; x_wconf 89' lang='lat' dir='ltr'>celtiberiam</span> <span class='ocrx_word' id='word_1_297' title='bbox 579 3867 604 3908; x_wconf 85' lang='lat' dir='ltr'><em>N</em></span> <span class='ocrx_word' id='word_1_298' title='bbox 615 3857 623 3925; x_wconf 93' lang='grc'>11</span> <span class='ocrx_word' id='word_1_299' title='bbox 637 3861 651 3908; x_wconf 82' lang='grc'>7</span> <span class='ocrx_word' id='word_1_300' title='bbox 664 3855 815 3908; x_wconf 87' lang='lat' dir='ltr'>reseruauit</span> <span class='ocrx_word' id='word_1_301' title='bbox 825 3867 851 3907; x_wconf 90' lang='lat' dir='ltr'><em>N</em></span> <span class='ocrx_word' id='word_1_302' title='bbox 862 3855 870 3923; x_wconf 92' lang='grc'>11</span> <span class='ocrx_word' id='word_1_303' title='bbox 883 3857 899 3906; x_wconf 86' lang='grc'><strong>9</strong></span> <span class='ocrx_word' id='word_1_304' title='bbox 912 3854 1078 3924; x_wconf 85' lang='lat' dir='ltr'>triumphum</span> <span class='ocrx_word' id='word_1_305' title='bbox 1090 3851 1274 3927; x_wconf 80' lang='lat' dir='ltr'>transmiserat</span> <span class='ocrx_word' id='word_1_306' title='bbox 1281 3850 1412 3901; x_wconf 90' lang='lat' dir='ltr'>rhennsN</span> <span class='ocrx_word' id='word_1_307' title='bbox 1422 3845 1432 3915; x_wconf 93' lang='grc'>11</span> 
     </span>
    </p>

    <p class='ocr_par' dir='ltr' id='par_1_13' title="bbox 201 3931 1511 4262">
     <span class='ocr_line' id='line_1_34' title="bbox 201 3931 1511 4012; baseline -0.011 -16"><span class='ocrx_word' id='word_1_308' title='bbox 201 3989 204 3996; x_wconf 97' lang='grc'>.</span> <span class='ocrx_word' id='word_1_309' title='bbox 285 3943 313 3991; x_wconf 91' lang='grc'>11</span> <span class='ocrx_word' id='word_1_310' title='bbox 329 3942 428 4010; x_wconf 88' lang='lat' dir='ltr'>pharus</span> <span class='ocrx_word' id='word_1_311' title='bbox 440 3953 465 3993; x_wconf 92' lang='lat' dir='ltr'><em>N</em></span> <span class='ocrx_word' id='word_1_312' title='bbox 475 3942 484 4012; x_wconf 93' lang='grc'>1</span> <span class='ocrx_word' id='word_1_313' title='bbox 500 3943 530 3992; x_wconf 79' lang='lat'>12</span> <span class='ocrx_word' id='word_1_314' title='bbox 543 3940 649 3992; x_wconf 86' lang='lat' dir='ltr'>farnace</span> <span class='ocrx_word' id='word_1_315' title='bbox 660 3952 686 3992; x_wconf 91' lang='lat' dir='ltr'><em>N</em></span> <span class='ocrx_word' id='word_1_316' title='bbox 696 3941 705 4009; x_wconf 92' lang='grc'>11</span> <span class='ocrx_word' id='word_1_317' title='bbox 718 3957 812 3993; x_wconf 85' lang='lat' dir='ltr'>cursus</span> <span class='ocrx_word' id='word_1_318' title='bbox 824 3951 850 3990; x_wconf 91' lang='lat' dir='ltr'><em>N</em></span> <span class='ocrx_word' id='word_1_319' title='bbox 861 3938 869 4005; x_wconf 91' lang='grc'>11</span> <span class='ocrx_word' id='word_1_320' title='bbox 883 3956 990 3990; x_wconf 87' lang='lat' dir='ltr'>mauros</span> <span class='ocrx_word' id='word_1_321' title='bbox 1001 3949 1027 3989; x_wconf 90' lang='lat' dir='ltr'><em>N</em></span> <span class='ocrx_word' id='word_1_322' title='bbox 1037 3937 1047 4007; x_wconf 93' lang='grc'>11</span> <span class='ocrx_word' id='word_1_323' title='bbox 1061 3940 1093 3989; x_wconf 84' lang='grc'>13</span> <span class='ocrx_word' id='word_1_324' title='bbox 1105 3933 1284 3989; x_wconf 83' lang='lat' dir='ltr'>hostendebat</span> <span class='ocrx_word' id='word_1_325' title='bbox 1300 3944 1320 3983; x_wconf 83' lang='lat' dir='ltr'><em>B</em></span> <span class='ocrx_word' id='word_1_326' title='bbox 1332 3931 1341 4000; x_wconf 92' lang='grc'>11</span> <span class='ocrx_word' id='word_1_327' title='bbox 1355 3931 1434 4000; x_wconf 87' lang='lat' dir='ltr'>phar·</span> <span class='ocrx_word' id='word_1_328' title='bbox 1507 3965 1511 3968; x_wconf 87' lang='lat'><em>-</em></span> 
     </span>
     <span class='ocr_line' id='line_1_35' title="bbox 284 4016 1431 4094; baseline -0.008 -18"><span class='ocrx_word' id='word_1_329' title='bbox 284 4025 376 4076; x_wconf 87' lang='lat' dir='ltr'>saliam</span> <span class='ocrx_word' id='word_1_330' title='bbox 388 4037 407 4078; x_wconf 80' lang='grc' dir='ltr'><em>Ν</em></span> <span class='ocrx_word' id='word_1_331' title='bbox 420 4025 429 4094; x_wconf 94' lang='grc'>11</span> <span class='ocrx_word' id='word_1_332' title='bbox 442 4026 547 4078; x_wconf 86' lang='lat' dir='ltr'>tharsos</span> <span class='ocrx_word' id='word_1_333' title='bbox 559 4037 584 4077; x_wconf 94' lang='grc' dir='ltr'><em>Ν</em></span> <span class='ocrx_word' id='word_1_334' title='bbox 595 4024 603 4094; x_wconf 93' lang='grc'>11</span> <span class='ocrx_word' id='word_1_335' title='bbox 620 4027 650 4076; x_wconf 88' lang='grc'>14</span> <span class='ocrx_word' id='word_1_336' title='bbox 662 4042 796 4094; x_wconf 89' lang='lat' dir='ltr'>nusquam</span> <span class='ocrx_word' id='word_1_337' title='bbox 809 4043 851 4075; x_wconf 89' lang='lat' dir='ltr'>om</span> <span class='ocrx_word' id='word_1_338' title='bbox 863 4035 882 4075; x_wconf 81' lang='grc' dir='ltr'><em>Β</em></span> <span class='ocrx_word' id='word_1_339' title='bbox 895 4022 903 4092; x_wconf 94' lang='grc'>11</span> <span class='ocrx_word' id='word_1_340' title='bbox 920 4026 950 4074; x_wconf 85' lang='grc'>15</span> <span class='ocrx_word' id='word_1_341' title='bbox 968 4021 1172 4091; x_wconf 87' lang='lat' dir='ltr'>triumphabant</span> <span class='ocrx_word' id='word_1_342' title='bbox 1182 4031 1202 4070; x_wconf 84' lang='grc' dir='ltr'><em>Ν</em></span> <span class='ocrx_word' id='word_1_343' title='bbox 1215 4018 1224 4087; x_wconf 91' lang='grc'>11</span> <span class='ocrx_word' id='word_1_344' title='bbox 1239 4019 1270 4069; x_wconf 86' lang='grc'>18</span> <span class='ocrx_word' id='word_1_345' title='bbox 1282 4017 1377 4087; x_wconf 87' lang='lat' dir='ltr'>syllam</span> <span class='ocrx_word' id='word_1_346' title='bbox 1389 4029 1408 4069; x_wconf 83' lang='grc' dir='ltr'><em>Ν</em></span> <span class='ocrx_word' id='word_1_347' title='bbox 1421 4016 1431 4086; x_wconf 87' lang='grc'>1</span> 
     </span>
     <span class='ocr_line' id='line_1_36' title="bbox 284 4101 1486 4178; baseline -0.004 -19"><span class='ocrx_word' id='word_1_348' title='bbox 284 4109 415 4160; x_wconf 72' lang='lat' dir='ltr'>difficeret</span> <span class='ocrx_word' id='word_1_349' title='bbox 427 4127 587 4178; x_wconf 89' lang='lat' dir='ltr'>generosum</span> <span class='ocrx_word' id='word_1_350' title='bbox 600 4109 694 4162; x_wconf 86' lang='lat' dir='ltr'>timere</span> <span class='ocrx_word' id='word_1_351' title='bbox 712 4108 821 4177; x_wconf 88' lang='lat' dir='ltr'>filiaque</span> <span class='ocrx_word' id='word_1_352' title='bbox 838 4119 864 4159; x_wconf 90' lang='lat' dir='ltr'><em>N</em></span> <span class='ocrx_word' id='word_1_353' title='bbox 874 4107 882 4176; x_wconf 93' lang='grc'>11</span> <span class='ocrx_word' id='word_1_354' title='bbox 899 4111 929 4158; x_wconf 88' lang='grc'>19</span> <span class='ocrx_word' id='word_1_355' title='bbox 947 4123 1009 4157; x_wconf 91' lang='lat' dir='ltr'>cum</span> <span class='ocrx_word' id='word_1_356' title='bbox 1025 4103 1156 4173; x_wconf 88' lang='lat' dir='ltr'>patruolis</span> <span class='ocrx_word' id='word_1_357' title='bbox 1169 4101 1273 4155; x_wconf 84' lang='lat' dir='ltr'>exsulla</span> <span class='ocrx_word' id='word_1_358' title='bbox 1284 4112 1315 4164; x_wconf 89' lang='lat' dir='ltr'>N,</span> <span class='ocrx_word' id='word_1_359' title='bbox 1330 4108 1358 4153; x_wconf 88' lang='lat' dir='ltr'>et</span> <span class='ocrx_word' id='word_1_360' title='bbox 1370 4118 1430 4171; x_wconf 83' lang='lat' dir='ltr'>par-</span> <span class='ocrx_word' id='word_1_361' title='bbox 1481 4125 1486 4134; x_wconf 63' lang='lat'><strong><em>¹</em></strong></span> 
     </span>
     <span class='ocr_line' id='line_1_37' title="bbox 282 4183 1430 4262; baseline -0.007 -17"><span class='ocrx_word' id='word_1_362' title='bbox 282 4194 363 4246; x_wconf 86' lang='lat' dir='ltr'>nulus</span> <span class='ocrx_word' id='word_1_363' title='bbox 377 4193 465 4262; x_wconf 85' lang='lat' dir='ltr'>exylla</span> <span class='ocrx_word' id='word_1_364' title='bbox 483 4207 501 4245; x_wconf 80' lang='lat' dir='ltr'>a</span> <span class='ocrx_word' id='word_1_365' title='bbox 514 4192 523 4262; x_wconf 93' lang='grc'>11</span> <span class='ocrx_word' id='word_1_366' title='bbox 537 4197 568 4245; x_wconf 82' lang='grc'>20</span> <span class='ocrx_word' id='word_1_367' title='bbox 583 4211 675 4245; x_wconf 89' lang='lat' dir='ltr'>omnes</span> <span class='ocrx_word' id='word_1_368' title='bbox 687 4210 767 4245; x_wconf 87' lang='lat' dir='ltr'>usum</span> <span class='ocrx_word' id='word_1_369' title='bbox 779 4192 807 4243; x_wconf 92' lang='lat' dir='ltr'>in</span> <span class='ocrx_word' id='word_1_370' title='bbox 824 4203 850 4243; x_wconf 87' lang='lat' dir='ltr'><em>N</em></span> <span class='ocrx_word' id='word_1_371' title='bbox 860 4191 869 4259; x_wconf 93' lang='grc'>11</span> <span class='ocrx_word' id='word_1_372' title='bbox 882 4193 913 4240; x_wconf 83' lang='grc'>21</span> <span class='ocrx_word' id='word_1_373' title='bbox 932 4187 1082 4256; x_wconf 86' lang='lat' dir='ltr'>inmagines</span> <span class='ocrx_word' id='word_1_374' title='bbox 1099 4200 1118 4238; x_wconf 77' lang='lat' dir='ltr'>a</span> <span class='ocrx_word' id='word_1_375' title='bbox 1131 4183 1140 4256; x_wconf 93' lang='grc'>11</span> <span class='ocrx_word' id='word_1_376' title='bbox 1154 4191 1186 4239; x_wconf 81' lang='lat'>24</span> <span class='ocrx_word' id='word_1_377' title='bbox 1204 4185 1315 4238; x_wconf 88' lang='lat' dir='ltr'>nolente</span> <span class='ocrx_word' id='word_1_378' title='bbox 1334 4205 1377 4238; x_wconf 87' lang='lat' dir='ltr'>om</span> <span class='ocrx_word' id='word_1_379' title='bbox 1388 4198 1407 4237; x_wconf 78' lang='grc' dir='ltr'><em>Β</em></span> <span class='ocrx_word' id='word_1_380' title='bbox 1421 4186 1430 4254; x_wconf 91' lang='grc'>11</span> 
     </span>
    </p>

    <p class='ocr_par' dir='ltr' id='par_1_14' title="bbox 282 4270 1433 4430">
     <span class='ocr_line' id='line_1_38' title="bbox 283 4270 1433 4346; baseline -0.006 -17"><span class='ocrx_word' id='word_1_381' title='bbox 283 4281 315 4330; x_wconf 80' lang='lat'>26</span> <span class='ocrx_word' id='word_1_382' title='bbox 332 4277 433 4329; x_wconf 86' lang='lat' dir='ltr'>mortui</span> <span class='ocrx_word' id='word_1_383' title='bbox 444 4289 463 4329; x_wconf 83' lang='lat' dir='ltr'><em>B</em></span> <span class='ocrx_word' id='word_1_384' title='bbox 476 4278 484 4346; x_wconf 95' lang='grc'>11</span> <span class='ocrx_word' id='word_1_385' title='bbox 499 4281 531 4328; x_wconf 82' lang='grc'>28</span> <span class='ocrx_word' id='word_1_386' title='bbox 544 4276 628 4329; x_wconf 89' lang='lat' dir='ltr'>dilata</span> <span class='ocrx_word' id='word_1_387' title='bbox 640 4276 790 4330; x_wconf 83' lang='lat' dir='ltr'>coniuratio</span> <span class='ocrx_word' id='word_1_388' title='bbox 802 4273 947 4327; x_wconf 75' lang='lat' dir='ltr'>Halmius.-</span> <span class='ocrx_word' id='word_1_389' title='bbox 965 4273 1049 4323; x_wconf 84' lang='lat' dir='ltr'>dilata</span> <span class='ocrx_word' id='word_1_390' title='bbox 1060 4271 1210 4324; x_wconf 91' lang='lat' dir='ltr'>dominatio</span> <span class='ocrx_word' id='word_1_391' title='bbox 1221 4284 1256 4335; x_wconf 83' lang='grc' dir='ltr'>Β,</span> <span class='ocrx_word' id='word_1_392' title='bbox 1275 4271 1372 4323; x_wconf 89' lang='lat' dir='ltr'>nilatio</span> <span class='ocrx_word' id='word_1_393' title='bbox 1385 4270 1433 4322; x_wconf 88' lang='lat' dir='ltr'>dc-</span> 
     </span>
     <span class='ocr_line' id='line_1_39' title="bbox 282 4361 622 4430; baseline 0 -17"><span class='ocrx_word' id='word_1_394' title='bbox 282 4368 346 4414; x_wconf 85' lang='lat' dir='ltr'>nata</span> <span class='ocrx_word' id='word_1_395' title='bbox 356 4373 380 4412; x_wconf 90' lang='lat' dir='ltr'><em>N</em></span> <span class='ocrx_word' id='word_1_396' title='bbox 392 4361 400 4429; x_wconf 94' lang='grc'>11</span> <span class='ocrx_word' id='word_1_397' title='bbox 414 4363 446 4411; x_wconf 83' lang='grc'>29</span> <span class='ocrx_word' id='word_1_398' title='bbox 460 4361 566 4428; x_wconf 87' lang='lat' dir='ltr'>patricii</span> <span class='ocrx_word' id='word_1_399' title='bbox 577 4373 603 4413; x_wconf 90' lang='lat' dir='ltr'><em>N</em></span> <span class='ocrx_word' id='word_1_400' title='bbox 613 4362 622 4430; x_wconf 93' lang='grc'>11</span> 
     </span>
    </p>
   </div>
   <div class='ocr_carea' id='block_1_11' title="bbox 0 0 1654 5084">
    <p class='ocr_par' dir='ltr' id='par_1_15' title="bbox 0 0 1654 5084">
     <span class='ocr_line' id='line_1_40' title="bbox 0 0 1654 5084; baseline 0 0"><span class='ocrx_word' id='word_1_401' title='bbox 0 0 1654 5084; x_wconf 95' lang='lat' dir='ltr'> </span> 
     </span>
    </p>
   </div>
  </div>
 </body>
</html>
