<?xml version="1.0" encoding="UTF-8"?>
<!DOCTYPE html PUBLIC "-//W3C//DTD XHTML 1.0 Transitional//EN"
    "http://www.w3.org/TR/xhtml1/DTD/xhtml1-transitional.dtd">
<html xmlns="http://www.w3.org/1999/xhtml" xml:lang="en" lang="en">
 <head>
  <title>
</title>
<meta http-equiv="Content-Type" content="text/html;charset=utf-8" />
  <meta name='ocr-system' content='tesseract 3.04.00' />
  <meta name='ocr-capabilities' content='ocr_page ocr_carea ocr_par ocr_line ocrx_word'/>
</head>
<body>
  <div class='ocr_page' id='page_1' title='image "./ivlifloriepitom00jahngoog_0064.png"; bbox 0 0 3300 5084; ppageno 0'>
   <div class='ocr_carea' id='block_1_1' title="bbox 289 337 960 414">
    <p class='ocr_par' dir='ltr' id='par_1_1' title="bbox 289 337 960 414">
     <span class='ocr_line' id='line_1_1' title="bbox 289 337 960 414; baseline 0 -18"><span class='ocrx_word' id='word_1_1' title='bbox 289 337 327 398; x_wconf 88' lang='grc'>10</span> <span class='ocrx_word' id='word_1_2' title='bbox 690 409 692 414; x_wconf 68' lang='lat'>,</span> <span class='ocrx_word' id='word_1_3' title='bbox 768 339 960 398; x_wconf 77' lang='grc'>’00110001</span> 
     </span>
    </p>
   </div>
   <div class='ocr_carea' id='block_1_2' title="bbox 182 502 1542 3650">
    <p class='ocr_par' dir='ltr' id='par_1_2' title="bbox 285 502 1489 905">
     <span class='ocr_line' id='line_1_2' title="bbox 285 502 1489 592; baseline 0.002 -26"><span class='ocrx_word' id='word_1_4' title='bbox 285 504 421 592; x_wconf 89' lang='lat' dir='ltr'>populos</span> <span class='ocrx_word' id='word_1_5' title='bbox 442 502 662 584; x_wconf 81' lang='lat' dir='ltr'><strong>frequentibus</strong></span> <span class='ocrx_word' id='word_1_6' title='bbox 678 502 774 565; x_wconf 89' lang='lat' dir='ltr'>armis</span> <span class='ocrx_word' id='word_1_7' title='bbox 798 503 937 585; x_wconf 56' lang='lat' dir='ltr'>subefflt.</span> <span class='ocrx_word' id='word_1_8' title='bbox 977 502 1053 565; x_wconf 91' lang='lat' dir='ltr'>inde</span> <span class='ocrx_word' id='word_1_9' title='bbox 1073 503 1175 566; x_wconf 87' lang='lat' dir='ltr'>fasces</span> <span class='ocrx_word' id='word_1_10' title='bbox 1197 505 1328 569; x_wconf 78' lang='lat' dir='ltr'>trabeae</span> <span class='ocrx_word' id='word_1_11' title='bbox 1347 527 1441 569; x_wconf 86' lang='lat' dir='ltr'>curu-</span> <span class='ocrx_word' id='word_1_12' title='bbox 1464 508 1489 569; x_wconf 93' lang='lat' dir='ltr'><strong><em>I</em></strong></span> 
     </span>
     <span class='ocr_line' id='line_1_3' title="bbox 286 607 1444 692; baseline 0.002 -20"><span class='ocrx_word' id='word_1_13' title='bbox 286 610 333 672; x_wconf 86' lang='lat' dir='ltr'>les</span> <span class='ocrx_word' id='word_1_14' title='bbox 361 607 451 670; x_wconf 90' lang='lat' dir='ltr'>anuli</span> <span class='ocrx_word' id='word_1_15' title='bbox 477 607 628 690; x_wconf 81' lang='lat' dir='ltr'>phalerae</span> <span class='ocrx_word' id='word_1_16' title='bbox 649 607 880 690; x_wconf 87' lang='lat' dir='ltr'>paludamenta</span> <span class='ocrx_word' id='word_1_17' title='bbox 905 618 1109 691; x_wconf 82' lang='lat' dir='ltr'>praetextae,</span> <span class='ocrx_word' id='word_1_18' title='bbox 1140 609 1217 672; x_wconf 91' lang='lat' dir='ltr'>inde</span> <span class='ocrx_word' id='word_1_19' title='bbox 1237 612 1323 692; x_wconf 94' lang='lat' dir='ltr'>quod</span> <span class='ocrx_word' id='word_1_20' title='bbox 1347 631 1444 674; x_wconf 84' lang='lat' dir='ltr'>aureo</span> 
     </span>
     <span class='ocr_line' id='line_1_4' title="bbox 288 712 1457 800; baseline 0.001 -23"><span class='ocrx_word' id='word_1_21' title='bbox 288 735 383 777; x_wconf 86' lang='lat' dir='ltr'>curru</span> <span class='ocrx_word' id='word_1_22' title='bbox 389 761 400 790; x_wconf 92' lang='lat'>,</span> <span class='ocrx_word' id='word_1_23' title='bbox 418 723 569 796; x_wconf 85' lang='lat' dir='ltr'>quattuor</span> <span class='ocrx_word' id='word_1_24' title='bbox 584 713 674 796; x_wconf 90' lang='lat' dir='ltr'>equis</span> <span class='ocrx_word' id='word_1_25' title='bbox 691 712 921 796; x_wconf 87' lang='lat' dir='ltr'>triumphatur,</span> <span class='ocrx_word' id='word_1_26' title='bbox 938 723 1032 796; x_wconf 86' lang='lat' dir='ltr'>togae</span> <span class='ocrx_word' id='word_1_27' title='bbox 1046 713 1153 797; x_wconf 81' lang='lat' dir='ltr'>pictae</span> <span class='ocrx_word' id='word_1_28' title='bbox 1167 715 1361 797; x_wconf 85' lang='lat' dir='ltr'>tunicaeque</span> <span class='ocrx_word' id='word_1_29' title='bbox 1374 717 1457 800; x_wconf 85' lang='lat' dir='ltr'>pal</span> 
     </span>
     <span class='ocr_line' id='line_1_5' title="bbox 286 817 1443 919; baseline 0.001 -37"><span class='ocrx_word' id='word_1_30' title='bbox 286 828 404 894; x_wconf 87' lang='lat' dir='ltr'>matae,</span> <span class='ocrx_word' id='word_1_31' title='bbox 422 818 529 881; x_wconf 87' lang='lat' dir='ltr'>omnia</span> <span class='ocrx_word' id='word_1_32' title='bbox 544 819 682 902; x_wconf 88' lang='lat' dir='ltr'>denique</span> <span class='ocrx_word' id='word_1_33' title='bbox 697 820 811 882; x_wconf 84' lang='lat' dir='ltr'>decora</span> <span class='ocrx_word' id='word_1_34' title='bbox 826 829 859 881; x_wconf 92' lang='lat' dir='ltr'>et</span> <span class='ocrx_word' id='word_1_35' title='bbox 873 818 1032 903; x_wconf 87' lang='lat' dir='ltr'>insignia,</span> <span class='ocrx_word' id='word_1_36' title='bbox 1057 817 1205 919; x_wconf 84' lang='lat' dir='ltr'>quibus</span> <span class='ocrx_word' id='word_1_37' title='bbox 1196 821 1324 903; x_wconf 79' lang='lat' dir='ltr'>imperii</span> <span class='ocrx_word' id='word_1_38' title='bbox 1314 821 1443 905; x_wconf 92' lang='lat' dir='ltr'>digni-</span> 
     </span>
    </p>

    <p class='ocr_par' dir='ltr' id='par_1_3' title="bbox 205 923 1477 1432">
     <span class='ocr_line' id='line_1_6' title="bbox 205 923 1477 1009; baseline 0.002 -21"><span class='ocrx_word' id='word_1_39' title='bbox 205 925 208 932; x_wconf 69' lang='lat'><em>&#39;</em></span> <span class='ocrx_word' id='word_1_40' title='bbox 287 935 337 988; x_wconf 89' lang='lat' dir='ltr'>tas</span> <span class='ocrx_word' id='word_1_41' title='bbox 353 923 484 1000; x_wconf 89' lang='lat' dir='ltr'>eminet,</span> <span class='ocrx_word' id='word_1_42' title='bbox 501 926 672 1009; x_wconf 88' lang='lat' dir='ltr'>adsumpta</span> <span class='ocrx_word' id='word_1_43' title='bbox 685 933 773 987; x_wconf 89' lang='lat' dir='ltr'>sunt.</span> <span class='ocrx_word' id='word_1_44' title='bbox 1006 951 1020 974; x_wconf 70' lang='grc' dir='ltr'><strong><em>ο</em></strong></span> <span class='ocrx_word' id='word_1_45' title='bbox 1404 976 1408 980; x_wconf 63' lang='lat'>,</span> <span class='ocrx_word' id='word_1_46' title='bbox 1461 941 1477 990; x_wconf 77' lang='lat'>5</span> 
     </span>
     <span class='ocr_line' id='line_1_7' title="bbox 252 1013 1445 1114; baseline 0.001 -18"><span class='ocrx_word' id='word_1_47' title='bbox 252 1035 272 1096; x_wconf 90' lang='grc'><strong>6</strong></span> <span class='ocrx_word' id='word_1_48' title='bbox 376 1030 508 1093; x_wconf 82' lang='lat' dir='ltr'>Seruius</span> <span class='ocrx_word' id='word_1_49' title='bbox 530 1030 659 1093; x_wconf 85' lang='lat' dir='ltr'>Tullius</span> <span class='ocrx_word' id='word_1_50' title='bbox 681 1029 832 1113; x_wconf 82' lang='lat' dir='ltr'>deinceps</span> <span class='ocrx_word' id='word_1_51' title='bbox 857 1031 1079 1114; x_wconf 86' lang='lat' dir='ltr'>gubernacula</span> <span class='ocrx_word' id='word_1_52' title='bbox 1094 1013 1188 1094; x_wconf 88' lang='lat' dir='ltr'>urbis</span> <span class='ocrx_word' id='word_1_53' title='bbox 1209 1031 1357 1109; x_wconf 87' lang='lat' dir='ltr'>inuadit,</span> <span class='ocrx_word' id='word_1_54' title='bbox 1384 1055 1445 1097; x_wconf 91' lang='lat' dir='ltr'>nec</span> 
     </span>
     <span class='ocr_line' id='line_1_8' title="bbox 289 1135 1444 1217; baseline 0.002 -17"><span class='ocrx_word' id='word_1_55' title='bbox 289 1136 467 1200; x_wconf 78' lang='lat' dir='ltr'>obscuritas</span> <span class='ocrx_word' id='word_1_56' title='bbox 482 1135 625 1208; x_wconf 88' lang='lat' dir='ltr'>inhibuit</span> <span class='ocrx_word' id='word_1_57' title='bbox 640 1136 788 1217; x_wconf 88' lang='lat' dir='ltr'>quamuis</span> <span class='ocrx_word' id='word_1_58' title='bbox 803 1147 905 1200; x_wconf 86' lang='lat' dir='ltr'>matre</span> <span class='ocrx_word' id='word_1_59' title='bbox 920 1158 1014 1200; x_wconf 88' lang='lat' dir='ltr'>serua</span> <span class='ocrx_word' id='word_1_60' title='bbox 1029 1145 1182 1199; x_wconf 87' lang='lat' dir='ltr'>creatum.</span> <span class='ocrx_word' id='word_1_61' title='bbox 1200 1156 1278 1200; x_wconf 91' lang='lat' dir='ltr'>nam</span> <span class='ocrx_word' id='word_1_62' title='bbox 1292 1138 1444 1202; x_wconf 85' lang='lat' dir='ltr'>eximiam</span> 
     </span>
     <span class='ocr_line' id='line_1_9' title="bbox 288 1223 1442 1324; baseline 0.003 -21"><span class='ocrx_word' id='word_1_63' title='bbox 288 1239 429 1304; x_wconf 89' lang='lat' dir='ltr'>indolem</span> <span class='ocrx_word' id='word_1_64' title='bbox 444 1262 524 1304; x_wconf 88' lang='lat' dir='ltr'>uxor</span> <span class='ocrx_word' id='word_1_65' title='bbox 539 1223 707 1323; x_wconf 87' lang='lat' dir='ltr'>Tarquinii</span> <span class='ocrx_word' id='word_1_66' title='bbox 722 1241 884 1324; x_wconf 84' lang='lat' dir='ltr'>Tanaquil</span> <span class='ocrx_word' id='word_1_67' title='bbox 897 1242 1072 1305; x_wconf 79' lang='lat' dir='ltr'>liberaliter</span> <span class='ocrx_word' id='word_1_68' title='bbox 1091 1244 1304 1318; x_wconf 89' lang='lat' dir='ltr'>educauerat‚</span> <span class='ocrx_word' id='word_1_69' title='bbox 1327 1254 1361 1306; x_wconf 93' lang='lat' dir='ltr'>et</span> <span class='ocrx_word' id='word_1_70' title='bbox 1377 1245 1442 1307; x_wconf 94' lang='lat' dir='ltr'>cla-</span> 
     </span>
     <span class='ocr_line' id='line_1_10' title="bbox 260 1347 1443 1432; baseline 0.004 -23"><span class='ocrx_word' id='word_1_71' title='bbox 260 1359 265 1366; x_wconf 84' lang='grc'><em>·</em></span> <span class='ocrx_word' id='word_1_72' title='bbox 288 1369 360 1417; x_wconf 86' lang='lat' dir='ltr'>rum</span> <span class='ocrx_word' id='word_1_73' title='bbox 381 1348 448 1410; x_wconf 86' lang='lat' dir='ltr'>fore</span> <span class='ocrx_word' id='word_1_74' title='bbox 470 1347 539 1410; x_wconf 88' lang='lat' dir='ltr'>visa</span> <span class='ocrx_word' id='word_1_75' title='bbox 561 1347 646 1410; x_wconf 84' lang='lat' dir='ltr'>circa</span> <span class='ocrx_word' id='word_1_76' title='bbox 667 1357 765 1430; x_wconf 86' lang='lat' dir='ltr'>caput</span> <span class='ocrx_word' id='word_1_77' title='bbox 786 1349 916 1410; x_wconf 89' lang='lat' dir='ltr'>flamma</span> <span class='ocrx_word' id='word_1_78' title='bbox 937 1348 1137 1432; x_wconf 84' lang='lat' dir='ltr'>promiserat.</span> <span class='ocrx_word' id='word_1_79' title='bbox 1163 1369 1238 1431; x_wconf 89' lang='lat' dir='ltr'>ergo</span> <span class='ocrx_word' id='word_1_80' title='bbox 1259 1348 1343 1412; x_wconf 87' lang='lat' dir='ltr'>inter</span> <span class='ocrx_word' id='word_1_81' title='bbox 1365 1352 1443 1414; x_wconf 87' lang='lat' dir='ltr'>Tar·</span> 
     </span>
    </p>

    <p class='ocr_par' dir='ltr' id='par_1_4' title="bbox 182 1452 1497 1748">
     <span class='ocr_line' id='line_1_11' title="bbox 182 1452 1497 1539; baseline 0.001 -23"><span class='ocrx_word' id='word_1_82' title='bbox 182 1516 185 1528; x_wconf 15' lang='grc' dir='ltr'>ζ</span> <span class='ocrx_word' id='word_1_83' title='bbox 213 1467 214 1472; x_wconf 76' lang='grc'>’</span> <span class='ocrx_word' id='word_1_84' title='bbox 234 1454 237 1464; x_wconf 90' lang='grc'><strong>’</strong></span> <span class='ocrx_word' id='word_1_85' title='bbox 289 1452 393 1536; x_wconf 92' lang='lat' dir='ltr'>quinii</span> <span class='ocrx_word' id='word_1_86' title='bbox 407 1463 544 1516; x_wconf 86' lang='lat' dir='ltr'>mortem</span> <span class='ocrx_word' id='word_1_87' title='bbox 559 1452 725 1516; x_wconf 86' lang='lat' dir='ltr'>adnitente</span> <span class='ocrx_word' id='word_1_88' title='bbox 740 1453 853 1536; x_wconf 85' lang='lat' dir='ltr'>regina</span> <span class='ocrx_word' id='word_1_89' title='bbox 867 1453 1064 1516; x_wconf 90' lang='lat' dir='ltr'>substitutus</span> <span class='ocrx_word' id='word_1_90' title='bbox 1079 1454 1115 1516; x_wconf 89' lang='lat' dir='ltr'>in</span> <span class='ocrx_word' id='word_1_91' title='bbox 1129 1455 1237 1518; x_wconf 89' lang='lat' dir='ltr'>locum</span> <span class='ocrx_word' id='word_1_92' title='bbox 1250 1455 1336 1538; x_wconf 88' lang='lat' dir='ltr'>regis</span> <span class='ocrx_word' id='word_1_93' title='bbox 1351 1452 1444 1539; x_wconf 83' lang='lat' dir='ltr'>quasi</span> <span class='ocrx_word' id='word_1_94' title='bbox 1465 1469 1497 1518; x_wconf 90' lang='grc'>10</span> 
     </span>
     <span class='ocr_line' id='line_1_12' title="bbox 288 1558 1442 1643; baseline 0.004 -23"><span class='ocrx_word' id='word_1_95' title='bbox 288 1558 485 1641; x_wconf 89' lang='lat' dir='ltr'>intempus,</span> <span class='ocrx_word' id='word_1_96' title='bbox 508 1579 646 1641; x_wconf 88' lang='lat' dir='ltr'>regnum</span> <span class='ocrx_word' id='word_1_97' title='bbox 660 1559 733 1621; x_wconf 93' lang='grc'>1010</span> <span class='ocrx_word' id='word_1_98' title='bbox 748 1569 877 1643; x_wconf 89' lang='lat' dir='ltr'>partum</span> <span class='ocrx_word' id='word_1_99' title='bbox 893 1559 938 1621; x_wconf 91' lang='lat' dir='ltr'>sic</span> <span class='ocrx_word' id='word_1_100' title='bbox 953 1559 1020 1642; x_wconf 89' lang='lat' dir='ltr'>egit</span> <span class='ocrx_word' id='word_1_101' title='bbox 1034 1560 1192 1623; x_wconf 86' lang='lat' dir='ltr'>industrie</span> <span class='ocrx_word' id='word_1_102' title='bbox 1218 1572 1257 1624; x_wconf 90' lang='grc'>01</span> <span class='ocrx_word' id='word_1_103' title='bbox 1277 1562 1349 1624; x_wconf 92' lang='lat' dir='ltr'>iure</span> <span class='ocrx_word' id='word_1_104' title='bbox 1369 1564 1442 1624; x_wconf 91' lang='lat' dir='ltr'>ade·</span> 
     </span>
     <span class='ocr_line' id='line_1_13' title="bbox 288 1663 1442 1748; baseline 0.003 -22"><span class='ocrx_word' id='word_1_105' title='bbox 288 1674 365 1747; x_wconf 87' lang='lat' dir='ltr'>ptus</span> <span class='ocrx_word' id='word_1_106' title='bbox 380 1663 553 1730; x_wconf 83' lang='lat' dir='ltr'>uideretur.</span> <span class='ocrx_word' id='word_1_107' title='bbox 579 1665 619 1728; x_wconf 91' lang='lat' dir='ltr'>ab</span> <span class='ocrx_word' id='word_1_108' title='bbox 634 1666 695 1727; x_wconf 92' lang='lat' dir='ltr'>hoc</span> <span class='ocrx_word' id='word_1_109' title='bbox 710 1665 850 1748; x_wconf 91' lang='lat' dir='ltr'>populus</span> <span class='ocrx_word' id='word_1_110' title='bbox 865 1666 1033 1728; x_wconf 88' lang='lat' dir='ltr'>Romanus</span> <span class='ocrx_word' id='word_1_111' title='bbox 1048 1667 1169 1739; x_wconf 83' lang='lat' dir='ltr'>relatus</span> <span class='ocrx_word' id='word_1_112' title='bbox 1184 1665 1378 1743; x_wconf 88' lang='lat' dir='ltr'>incensum,</span> <span class='ocrx_word' id='word_1_113' title='bbox 1396 1667 1442 1729; x_wconf 93' lang='lat' dir='ltr'>di-</span> 
     </span>
    </p>

    <p class='ocr_par' dir='ltr' id='par_1_5' title="bbox 254 1757 1542 1961">
     <span class='ocr_line' id='line_1_14' title="bbox 254 1757 1542 1854; baseline 0.002 -23"><span class='ocrx_word' id='word_1_114' title='bbox 254 1785 257 1790; x_wconf 85' lang='grc'><em>·</em></span> <span class='ocrx_word' id='word_1_115' title='bbox 289 1779 399 1852; x_wconf 85' lang='lat' dir='ltr'>gestus</span> <span class='ocrx_word' id='word_1_116' title='bbox 415 1769 450 1831; x_wconf 92' lang='lat' dir='ltr'>in</span> <span class='ocrx_word' id='word_1_117' title='bbox 465 1757 601 1846; x_wconf 83' lang='lat' dir='ltr'>classes,</span> <span class='ocrx_word' id='word_1_118' title='bbox 625 1770 762 1834; x_wconf 86' lang='lat' dir='ltr'>decuriis</span> <span class='ocrx_word' id='word_1_119' title='bbox 784 1773 889 1852; x_wconf 90' lang='lat' dir='ltr'>adque</span> <span class='ocrx_word' id='word_1_120' title='bbox 911 1770 1054 1854; x_wconf 88' lang='lat' dir='ltr'>collegiis</span> <span class='ocrx_word' id='word_1_121' title='bbox 1069 1771 1280 1848; x_wconf 87' lang='lat' dir='ltr'>distributus,</span> <span class='ocrx_word' id='word_1_122' title='bbox 1302 1792 1442 1836; x_wconf 88' lang='lat' dir='ltr'>summa-</span> <span class='ocrx_word' id='word_1_123' title='bbox 1530 1829 1542 1841; x_wconf 81' lang='grc'><strong><em>,</em></strong></span> 
     </span>
     <span class='ocr_line' id='line_1_15' title="bbox 290 1875 1443 1961; baseline 0.005 -25"><span class='ocrx_word' id='word_1_124' title='bbox 290 1896 352 1957; x_wconf 92' lang='lat' dir='ltr'>que</span> <span class='ocrx_word' id='word_1_125' title='bbox 366 1875 451 1958; x_wconf 88' lang='lat' dir='ltr'>regis</span> <span class='ocrx_word' id='word_1_126' title='bbox 466 1875 608 1938; x_wconf 86' lang='lat' dir='ltr'>sollertia</span> <span class='ocrx_word' id='word_1_127' title='bbox 621 1876 669 1938; x_wconf 89' lang='lat' dir='ltr'>ita</span> <span class='ocrx_word' id='word_1_128' title='bbox 683 1887 732 1940; x_wconf 91' lang='lat' dir='ltr'>est</span> <span class='ocrx_word' id='word_1_129' title='bbox 747 1875 895 1939; x_wconf 89' lang='lat' dir='ltr'>ordinata</span> <span class='ocrx_word' id='word_1_130' title='bbox 913 1897 963 1939; x_wconf 90' lang='lat' dir='ltr'>res</span> <span class='ocrx_word' id='word_1_131' title='bbox 984 1877 1133 1960; x_wconf 89' lang='lat' dir='ltr'>publica,</span> <span class='ocrx_word' id='word_1_132' title='bbox 1153 1886 1195 1940; x_wconf 89' lang='lat' dir='ltr'>&#39;ut</span> <span class='ocrx_word' id='word_1_133' title='bbox 1211 1878 1325 1942; x_wconf 90' lang='lat' dir='ltr'>omnia</span> <span class='ocrx_word' id='word_1_134' title='bbox 1345 1877 1443 1961; x_wconf 87' lang='lat' dir='ltr'>patri·</span> 
     </span>
    </p>

    <p class='ocr_par' dir='ltr' id='par_1_6' title="bbox 226 1980 1497 2258">
     <span class='ocr_line' id='line_1_16' title="bbox 226 1980 1497 2066; baseline 0.005 -26"><span class='ocrx_word' id='word_1_135' title='bbox 226 2033 231 2040; x_wconf 76' lang='grc'>,</span> <span class='ocrx_word' id='word_1_136' title='bbox 290 1981 392 2044; x_wconf 90' lang='lat' dir='ltr'>monii</span> <span class='ocrx_word' id='word_1_137' title='bbox 406 1980 573 2064; x_wconf 85' lang='lat' dir='ltr'>dignitatis</span> <span class='ocrx_word' id='word_1_138' title='bbox 589 1981 703 2044; x_wconf 90' lang='lat' dir='ltr'>aetatis</span> <span class='ocrx_word' id='word_1_139' title='bbox 720 1982 839 2045; x_wconf 87' lang='lat' dir='ltr'>artium</span> <span class='ocrx_word' id='word_1_140' title='bbox 851 1982 1090 2066; x_wconf 90' lang='lat' dir='ltr'>officiorumque</span> <span class='ocrx_word' id='word_1_141' title='bbox 1102 1982 1288 2046; x_wconf 87' lang='lat' dir='ltr'>discrimina</span> <span class='ocrx_word' id='word_1_142' title='bbox 1301 1984 1337 2048; x_wconf 89' lang='lat' dir='ltr'>in</span> <span class='ocrx_word' id='word_1_143' title='bbox 1351 1986 1443 2048; x_wconf 89' lang='lat' dir='ltr'>tabu·</span> <span class='ocrx_word' id='word_1_144' title='bbox 1466 1996 1497 2046; x_wconf 80' lang='lat'>15</span> 
     </span>
     <span class='ocr_line' id='line_1_17' title="bbox 289 2086 1446 2173; baseline 0.003 -25"><span class='ocrx_word' id='word_1_145' title='bbox 289 2086 337 2148; x_wconf 90' lang='lat' dir='ltr'>las</span> <span class='ocrx_word' id='word_1_146' title='bbox 353 2087 562 2162; x_wconf 84' lang='lat' dir='ltr'>referrentur,</span> <span class='ocrx_word' id='word_1_147' title='bbox 579 2109 617 2150; x_wconf 85' lang='lat' dir='ltr'>ae</span> <span class='ocrx_word' id='word_1_148' title='bbox 633 2087 678 2150; x_wconf 92' lang='lat' dir='ltr'>sic</span> <span class='ocrx_word' id='word_1_149' title='bbox 693 2088 835 2150; x_wconf 86' lang='lat' dir='ltr'>maxima</span> <span class='ocrx_word' id='word_1_150' title='bbox 849 2087 964 2150; x_wconf 87' lang='lat' dir='ltr'>ciuitas</span> <span class='ocrx_word' id='word_1_151' title='bbox 979 2087 1132 2151; x_wconf 87' lang='lat' dir='ltr'>minimae</span> <span class='ocrx_word' id='word_1_152' title='bbox 1147 2092 1262 2161; x_wconf 91' lang='lat' dir='ltr'>domus</span> <span class='ocrx_word' id='word_1_153' title='bbox 1277 2091 1446 2173; x_wconf 90' lang='lat' dir='ltr'>diligentia</span> 
     </span>
     <span class='ocr_line' id='line_1_18' title="bbox 291 2191 525 2258; baseline -0.004 -5"><span class='ocrx_word' id='word_1_154' title='bbox 291 2191 525 2258; x_wconf 69' lang='lat' dir='ltr'>contineretur.¹</span> 
     </span>
    </p>

    <p class='ocr_par' dir='ltr' id='par_1_7' title="bbox 255 2281 1446 2488">
     <span class='ocr_line' id='line_1_19' title="bbox 255 2281 1446 2383; baseline 0 -20"><span class='ocrx_word' id='word_1_155' title='bbox 255 2281 272 2339; x_wconf 82' lang='lat'><strong>7</strong></span> <span class='ocrx_word' id='word_1_156' title='bbox 377 2300 562 2363; x_wconf 88' lang='lat' dir='ltr'>Postremus</span> <span class='ocrx_word' id='word_1_157' title='bbox 578 2299 642 2362; x_wconf 84' lang='lat' dir='ltr'>fuit</span> <span class='ocrx_word' id='word_1_158' title='bbox 656 2299 801 2363; x_wconf 91' lang='lat' dir='ltr'>omnium</span> <span class='ocrx_word' id='word_1_159' title='bbox 821 2304 935 2382; x_wconf 90' lang='lat' dir='ltr'>regum</span> <span class='ocrx_word' id='word_1_160' title='bbox 955 2299 1169 2381; x_wconf 86' lang='lat' dir='ltr'>Tarquinius,</span> <span class='ocrx_word' id='word_1_161' title='bbox 1192 2300 1246 2362; x_wconf 89' lang='lat' dir='ltr'>cni</span> <span class='ocrx_word' id='word_1_162' title='bbox 1268 2322 1446 2383; x_wconf 85' lang='lat' dir='ltr'>cognomen</span> 
     </span>
     <span class='ocr_line' id='line_1_20' title="bbox 266 2404 1445 2488; baseline 0.003 -21"><span class='ocrx_word' id='word_1_163' title='bbox 266 2475 269 2482; x_wconf 48' lang='lat'>‚</span> <span class='ocrx_word' id='word_1_164' title='bbox 292 2405 437 2487; x_wconf 84' lang='lat' dir='ltr'>Superbo</span> <span class='ocrx_word' id='word_1_165' title='bbox 453 2427 492 2467; x_wconf 92' lang='lat' dir='ltr'>ex</span> <span class='ocrx_word' id='word_1_166' title='bbox 506 2404 649 2468; x_wconf 90' lang='lat' dir='ltr'>moribus</span> <span class='ocrx_word' id='word_1_167' title='bbox 670 2408 793 2469; x_wconf 87' lang='lat' dir='ltr'>datum.</span> <span class='ocrx_word' id='word_1_168' title='bbox 817 2405 1019 2487; x_wconf 85' lang='lat' dir='ltr'>hic-regnum</span> <span class='ocrx_word' id='word_1_169' title='bbox 1034 2404 1177 2481; x_wconf 87' lang='lat' dir='ltr'>auitum,</span> <span class='ocrx_word' id='word_1_170' title='bbox 1195 2408 1281 2488; x_wconf 94' lang='lat' dir='ltr'>quod</span> <span class='ocrx_word' id='word_1_171' title='bbox 1296 2429 1315 2468; x_wconf 89' lang='lat' dir='ltr'>a</span> <span class='ocrx_word' id='word_1_172' title='bbox 1330 2406 1445 2470; x_wconf 88' lang='lat' dir='ltr'>Seruio</span> 
     </span>
    </p>

    <p class='ocr_par' dir='ltr' id='par_1_8' title="bbox 229 2508 1500 3544">
     <span class='ocr_line' id='line_1_21' title="bbox 229 2508 1498 2595; baseline 0.002 -23"><span class='ocrx_word' id='word_1_173' title='bbox 229 2527 231 2532; x_wconf 80' lang='grc'>’</span> <span class='ocrx_word' id='word_1_174' title='bbox 290 2508 479 2586; x_wconf 88' lang='lat' dir='ltr'>tenebatur,</span> <span class='ocrx_word' id='word_1_175' title='bbox 503 2532 614 2592; x_wconf 86' lang='lat' dir='ltr'>rapere</span> <span class='ocrx_word' id='word_1_176' title='bbox 636 2512 752 2575; x_wconf 87' lang='lat' dir='ltr'>maluit</span> <span class='ocrx_word' id='word_1_177' title='bbox 780 2533 878 2594; x_wconf 89' lang='lat' dir='ltr'>quam</span> <span class='ocrx_word' id='word_1_178' title='bbox 906 2521 1092 2594; x_wconf 87' lang='lat' dir='ltr'>expectare,</span> <span class='ocrx_word' id='word_1_179' title='bbox 1121 2510 1292 2595; x_wconf 87' lang='lat' dir='ltr'>missisque</span> <span class='ocrx_word' id='word_1_180' title='bbox 1312 2513 1347 2574; x_wconf 93' lang='lat' dir='ltr'>in</span> <span class='ocrx_word' id='word_1_181' title='bbox 1370 2525 1498 2576; x_wconf 79' lang='grc'>001020</span> 
     </span>
     <span class='ocr_line' id='line_1_22' title="bbox 288 2608 1446 2701; baseline 0.003 -22"><span class='ocrx_word' id='word_1_182' title='bbox 288 2616 528 2700; x_wconf 87' lang='lat' dir='ltr'>percussoribus</span> <span class='ocrx_word' id='word_1_183' title='bbox 544 2617 662 2679; x_wconf 89' lang='lat' dir='ltr'>scelere</span> <span class='ocrx_word' id='word_1_184' title='bbox 676 2626 802 2700; x_wconf 86' lang='lat' dir='ltr'>partam</span> <span class='ocrx_word' id='word_1_185' title='bbox 821 2625 1015 2699; x_wconf 89' lang='lat' dir='ltr'>potestatem</span> <span class='ocrx_word' id='word_1_186' title='bbox 1034 2637 1101 2681; x_wconf 93' lang='lat' dir='ltr'>non</span> <span class='ocrx_word' id='word_1_187' title='bbox 1122 2616 1238 2680; x_wconf 91' lang='lat' dir='ltr'>melius</span> <span class='ocrx_word' id='word_1_188' title='bbox 1249 2608 1327 2701; x_wconf 62' lang='lat' dir='ltr'>‘egit</span> <span class='ocrx_word' id='word_1_189' title='bbox 1348 2639 1446 2701; x_wconf 89' lang='lat' dir='ltr'>quam</span> 
     </span>
     <span class='ocr_line' id='line_1_23' title="bbox 290 2711 1445 2806; baseline 0.003 -22"><span class='ocrx_word' id='word_1_190' title='bbox 290 2721 516 2804; x_wconf 87' lang='lat' dir='ltr'>adquisiuerat.</span> <span class='ocrx_word' id='word_1_191' title='bbox 542 2744 601 2784; x_wconf 91' lang='lat' dir='ltr'>nec</span> <span class='ocrx_word' id='word_1_192' title='bbox 617 2711 806 2785; x_wconf 88' lang='lat' dir='ltr'>abhorrebat</span> <span class='ocrx_word' id='word_1_193' title='bbox 820 2721 964 2784; x_wconf 90' lang='lat' dir='ltr'>moribus</span> <span class='ocrx_word' id='word_1_194' title='bbox 978 2744 1061 2784; x_wconf 88' lang='lat' dir='ltr'>uxor</span> <span class='ocrx_word' id='word_1_195' title='bbox 1075 2721 1203 2798; x_wconf 83' lang='lat' dir='ltr'>Tullia,</span> <span class='ocrx_word' id='word_1_196' title='bbox 1227 2745 1327 2806; x_wconf 90' lang='lat' dir='ltr'>quae,</span> <span class='ocrx_word' id='word_1_197' title='bbox 1344 2735 1382 2787; x_wconf 91' lang='lat' dir='ltr'>ut</span> <span class='ocrx_word' id='word_1_198' title='bbox 1397 2725 1445 2786; x_wconf 92' lang='lat' dir='ltr'>ui·</span> 
     </span>
     <span class='ocr_line' id='line_1_24' title="bbox 289 2809 1446 2913; baseline 0.004 -25"><span class='ocrx_word' id='word_1_199' title='bbox 289 2849 361 2888; x_wconf 90' lang='lat' dir='ltr'>rum</span> <span class='ocrx_word' id='word_1_200' title='bbox 381 2809 490 2909; x_wconf 83' lang='lat' dir='ltr'>regem</span> <span class='ocrx_word' id='word_1_201' title='bbox 516 2827 690 2902; x_wconf 87' lang='lat' dir='ltr'>salutaret,</span> <span class='ocrx_word' id='word_1_202' title='bbox 714 2849 812 2910; x_wconf 89' lang='lat' dir='ltr'>supra</span> <span class='ocrx_word' id='word_1_203' title='bbox 834 2837 1005 2889; x_wconf 89' lang='lat' dir='ltr'>cruentum</span> <span class='ocrx_word' id='word_1_204' title='bbox 1026 2837 1151 2910; x_wconf 82' lang='lat' dir='ltr'>patrem</span> <span class='ocrx_word' id='word_1_205' title='bbox 1179 2838 1274 2890; x_wconf 90' lang='lat' dir='ltr'>uecta</span> <span class='ocrx_word' id='word_1_206' title='bbox 1294 2841 1446 2913; x_wconf 85' lang='lat' dir='ltr'>carpento</span> 
     </span>
     <span class='ocr_line' id='line_1_25' title="bbox 289 2931 1445 3018; baseline 0.002 -24"><span class='ocrx_word' id='word_1_207' title='bbox 289 2942 509 3006; x_wconf 86' lang='lat' dir='ltr'>consternatos</span> <span class='ocrx_word' id='word_1_208' title='bbox 525 2953 623 3014; x_wconf 88' lang='lat' dir='ltr'>equos</span> <span class='ocrx_word' id='word_1_209' title='bbox 639 2931 756 3013; x_wconf 85' lang='lat' dir='ltr'>exegit.</span> <span class='ocrx_word' id='word_1_210' title='bbox 776 2940 824 2993; x_wconf 90' lang='lat' dir='ltr'>set</span> <span class='ocrx_word' id='word_1_211' title='bbox 839 2931 958 3015; x_wconf 86' lang='lat' dir='ltr'>ipsein</span> <span class='ocrx_word' id='word_1_212' title='bbox 973 2942 1123 2993; x_wconf 90' lang='lat' dir='ltr'>senatum</span> <span class='ocrx_word' id='word_1_213' title='bbox 1138 2931 1310 3012; x_wconf 89' lang='lat' dir='ltr'>caedibus,</span> <span class='ocrx_word' id='word_1_214' title='bbox 1326 2934 1362 2994; x_wconf 93' lang='lat' dir='ltr'>in</span> <span class='ocrx_word' id='word_1_215' title='bbox 1377 2934 1445 3018; x_wconf 88' lang='lat' dir='ltr'>ple·</span> 
     </span>
     <span class='ocr_line' id='line_1_26' title="bbox 287 3016 1500 3125; baseline 0 -25"><span class='ocrx_word' id='word_1_216' title='bbox 287 3016 363 3100; x_wconf 88' lang='lat' dir='ltr'>bem</span> <span class='ocrx_word' id='word_1_217' title='bbox 374 3036 573 3112; x_wconf 90' lang='lat' dir='ltr'>uerberibus,</span> <span class='ocrx_word' id='word_1_218' title='bbox 590 3036 626 3098; x_wconf 90' lang='lat' dir='ltr'>in</span> <span class='ocrx_word' id='word_1_219' title='bbox 641 3036 744 3099; x_wconf 91' lang='lat' dir='ltr'>omnis</span> <span class='ocrx_word' id='word_1_220' title='bbox 760 3035 927 3120; x_wconf 78' lang='lat' dir='ltr'>superbia,</span> <span class='ocrx_word' id='word_1_221' title='bbox 952 3057 1034 3118; x_wconf 90' lang='lat' dir='ltr'>quae</span> <span class='ocrx_word' id='word_1_222' title='bbox 1049 3036 1238 3125; x_wconf 81' lang='lat' dir='ltr'>crudelitate</span> <span class='ocrx_word' id='word_1_223' title='bbox 1252 3038 1383 3120; x_wconf 89' lang='lat' dir='ltr'>grauior</span> <span class='ocrx_word' id='word_1_224' title='bbox 1391 3048 1446 3101; x_wconf 84' lang='lat' dir='ltr'>&#39;est</span> <span class='ocrx_word' id='word_1_225' title='bbox 1466 3052 1500 3100; x_wconf 79' lang='lat'>25</span> 
     </span>
     <span class='ocr_line' id='line_1_27' title="bbox 289 3137 1446 3225; baseline 0.002 -19"><span class='ocrx_word' id='word_1_226' title='bbox 289 3142 400 3219; x_wconf 86' lang='lat' dir='ltr'>bonis,</span> <span class='ocrx_word' id='word_1_227' title='bbox 417 3137 601 3225; x_wconf 81' lang='lat' dir='ltr'>grassatus,</span> <span class='ocrx_word' id='word_1_228' title='bbox 618 3164 693 3224; x_wconf 84' lang='lat' dir='ltr'>curu</span> <span class='ocrx_word' id='word_1_229' title='bbox 708 3141 877 3204; x_wconf 78' lang='grc'>0000111010</span> <span class='ocrx_word' id='word_1_230' title='bbox 888 3139 976 3204; x_wconf 94' lang='lat' dir='ltr'>domi</span> <span class='ocrx_word' id='word_1_231' title='bbox 990 3141 1175 3224; x_wconf 84' lang='lat' dir='ltr'>fatigasset,</span> <span class='ocrx_word' id='word_1_232' title='bbox 1193 3144 1324 3213; x_wconf 89' lang='lat' dir='ltr'>tandem</span> <span class='ocrx_word' id='word_1_233' title='bbox 1339 3143 1374 3205; x_wconf 93' lang='lat' dir='ltr'>in</span> <span class='ocrx_word' id='word_1_234' title='bbox 1388 3144 1446 3210; x_wconf 76' lang='lat' dir='ltr'>ho,-</span> 
     </span>
     <span class='ocr_line' id='line_1_28' title="bbox 290 3246 1447 3329; baseline 0.001 -18"><span class='ocrx_word' id='word_1_235' title='bbox 290 3260 354 3312; x_wconf 87' lang='lat' dir='ltr'>stes</span> <span class='ocrx_word' id='word_1_236' title='bbox 377 3269 551 3310; x_wconf 87' lang='lat' dir='ltr'>conuersus</span> <span class='ocrx_word' id='word_1_237' title='bbox 575 3258 634 3311; x_wconf 89' lang='lat' dir='ltr'>est.</span> <span class='ocrx_word' id='word_1_238' title='bbox 659 3248 705 3312; x_wconf 84' lang='lat' dir='ltr'>sic</span> <span class='ocrx_word' id='word_1_239' title='bbox 720 3247 831 3309; x_wconf 90' lang='lat' dir='ltr'>ualida</span> <span class='ocrx_word' id='word_1_240' title='bbox 853 3247 972 3329; x_wconf 90' lang='lat' dir='ltr'>oppida</span> <span class='ocrx_word' id='word_1_241' title='bbox 1000 3246 1086 3308; x_wconf 88' lang='lat' dir='ltr'>Latii</span> <span class='ocrx_word' id='word_1_242' title='bbox 1109 3257 1204 3329; x_wconf 90' lang='lat' dir='ltr'>capta</span> <span class='ocrx_word' id='word_1_243' title='bbox 1224 3259 1318 3325; x_wconf 88' lang='lat' dir='ltr'>sunt,</span> <span class='ocrx_word' id='word_1_244' title='bbox 1340 3250 1447 3312; x_wconf 87' lang='lat' dir='ltr'>Ardea</span> 
     </span>
     <span class='ocr_line' id='line_1_29' title="bbox 290 3351 1443 3435; baseline 0 -17"><span class='ocrx_word' id='word_1_245' title='bbox 290 3354 473 3418; x_wconf 88' lang='lat' dir='ltr'>Ocri&#39;oolum</span> <span class='ocrx_word' id='word_1_246' title='bbox 488 3351 585 3418; x_wconf 86' lang='lat' dir='ltr'>Gabii</span> <span class='ocrx_word' id='word_1_247' title='bbox 602 3354 720 3416; x_wconf 87' lang='lat' dir='ltr'>Suessa</span> <span class='ocrx_word' id='word_1_248' title='bbox 735 3353 892 3417; x_wconf 82' lang='lat' dir='ltr'>Pometia.</span> <span class='ocrx_word' id='word_1_249' title='bbox 911 3363 982 3415; x_wconf 94' lang='lat' dir='ltr'>tum</span> <span class='ocrx_word' id='word_1_250' title='bbox 996 3374 1123 3435; x_wconf 92' lang='lat' dir='ltr'>quoque</span> <span class='ocrx_word' id='word_1_251' title='bbox 1138 3365 1291 3416; x_wconf 86' lang='lat' dir='ltr'>cruentus</span> <span class='ocrx_word' id='word_1_252' title='bbox 1306 3355 1342 3416; x_wconf 93' lang='lat' dir='ltr'>in</span> <span class='ocrx_word' id='word_1_253' title='bbox 1357 3377 1443 3418; x_wconf 90' lang='lat' dir='ltr'>suos.</span> 
     </span>
     <span class='ocr_line' id='line_1_30' title="bbox 288 3458 1448 3544; baseline 0.001 -22"><span class='ocrx_word' id='word_1_254' title='bbox 288 3484 393 3544; x_wconf 90' lang='lat' dir='ltr'>neque</span> <span class='ocrx_word' id='word_1_255' title='bbox 409 3460 495 3524; x_wconf 90' lang='lat' dir='ltr'>enim</span> <span class='ocrx_word' id='word_1_256' title='bbox 510 3460 614 3523; x_wconf 83' lang='lat' dir='ltr'>filium</span> <span class='ocrx_word' id='word_1_257' title='bbox 625 3461 791 3522; x_wconf 89' lang='lat' dir='ltr'>uerberare</span> <span class='ocrx_word' id='word_1_258' title='bbox 807 3458 989 3534; x_wconf 90' lang='lat' dir='ltr'>dubitauit,</span> <span class='ocrx_word' id='word_1_259' title='bbox 1012 3461 1050 3520; x_wconf 86' lang='lat' dir='ltr'>ut</span> <span class='ocrx_word' id='word_1_260' title='bbox 1064 3458 1231 3521; x_wconf 87' lang='lat' dir='ltr'>simulanti</span> <span class='ocrx_word' id='word_1_261' title='bbox 1247 3461 1448 3544; x_wconf 84' lang='lat' dir='ltr'>transfugam</span> 
     </span>
    </p>

    <p class='ocr_par' dir='ltr' id='par_1_9' title="bbox 228 3553 1500 3650">
     <span class='ocr_line' id='line_1_31' title="bbox 228 3553 1500 3650; baseline -0.001 -22"><span class='ocrx_word' id='word_1_262' title='bbox 228 3631 234 3645; x_wconf 53' lang='lat'>,</span> <span class='ocrx_word' id='word_1_263' title='bbox 268 3612 272 3624; x_wconf 85' lang='lat'>.</span> <span class='ocrx_word' id='word_1_264' title='bbox 290 3577 369 3649; x_wconf 88' lang='lat' dir='ltr'>aput</span> <span class='ocrx_word' id='word_1_265' title='bbox 383 3566 483 3630; x_wconf 88' lang='lat' dir='ltr'>hostis</span> <span class='ocrx_word' id='word_1_266' title='bbox 499 3566 576 3629; x_wconf 90' lang='lat' dir='ltr'>hinc</span> <span class='ocrx_word' id='word_1_267' title='bbox 595 3568 675 3630; x_wconf 89' lang='lat' dir='ltr'>fides</span> <span class='ocrx_word' id='word_1_268' title='bbox 690 3575 783 3629; x_wconf 88' lang='lat' dir='ltr'>esset.</span> <span class='ocrx_word' id='word_1_269' title='bbox 809 3564 862 3627; x_wconf 91' lang='lat' dir='ltr'>cui</span> <span class='ocrx_word' id='word_1_270' title='bbox 878 3563 1011 3641; x_wconf 88' lang='lat' dir='ltr'>Gabiis,</span> <span class='ocrx_word' id='word_1_271' title='bbox 1035 3574 1072 3627; x_wconf 93' lang='grc'>01</span> <span class='ocrx_word' id='word_1_272' title='bbox 1083 3565 1250 3642; x_wconf 89' lang='lat' dir='ltr'>uoluerat,</span> <span class='ocrx_word' id='word_1_273' title='bbox 1272 3553 1399 3650; x_wconf 84' lang='lat' dir='ltr'>recepto</span> <span class='ocrx_word' id='word_1_274' title='bbox 1415 3575 1446 3629; x_wconf 94' lang='lat' dir='ltr'>et</span> <span class='ocrx_word' id='word_1_275' title='bbox 1467 3579 1500 3628; x_wconf 86' lang='lat'>30</span> 
     </span>
    </p>
   </div>
   <div class='ocr_carea' id='block_1_3' title="bbox 289 3813 1447 4484">
    <p class='ocr_par' dir='ltr' id='par_1_10' title="bbox 289 3813 1447 4484">
     <span class='ocr_line' id='line_1_32' title="bbox 290 3813 1447 3889; baseline -0.004 -15"><span class='ocrx_word' id='word_1_276' title='bbox 290 3821 462 3874; x_wconf 76' lang='grc' dir='ltr'>21010010οΝ</span> <span class='ocrx_word' id='word_1_277' title='bbox 474 3820 481 3889; x_wconf 71' lang='lat' dir='ltr'>ll</span> <span class='ocrx_word' id='word_1_278' title='bbox 495 3825 666 3889; x_wconf 86' lang='lat' dir='ltr'>praetextaN</span> <span class='ocrx_word' id='word_1_279' title='bbox 677 3820 685 3888; x_wconf 75' lang='grc'>11</span> <span class='ocrx_word' id='word_1_280' title='bbox 700 3813 850 3888; x_wconf 66' lang='grc'>3101001011</span> <span class='ocrx_word' id='word_1_281' title='bbox 864 3819 1030 3888; x_wconf 75' lang='grc'>5010001010</span> <span class='ocrx_word' id='word_1_282' title='bbox 1037 3827 1102 3872; x_wconf 88' lang='grc'>0001</span> <span class='ocrx_word' id='word_1_283' title='bbox 1113 3817 1218 3887; x_wconf 58' lang='lat' dir='ltr'>smirci:</span> <span class='ocrx_word' id='word_1_284' title='bbox 1232 3825 1376 3887; x_wconf 85' lang='lat' dir='ltr'>casnmpta</span> <span class='ocrx_word' id='word_1_285' title='bbox 1382 3825 1447 3869; x_wconf 91' lang='lat' dir='ltr'>sunt</span> 
     </span>
     <span class='ocr_line' id='line_1_33' title="bbox 290 3902 1447 3976; baseline -0.003 -18"><span class='ocrx_word' id='word_1_286' title='bbox 290 3919 323 3970; x_wconf 78' lang='grc' dir='ltr'>Β,</span> <span class='ocrx_word' id='word_1_287' title='bbox 339 3911 447 3974; x_wconf 88' lang='lat' dir='ltr'>sumpta</span> <span class='ocrx_word' id='word_1_288' title='bbox 459 3911 524 3957; x_wconf 89' lang='lat' dir='ltr'>sunt</span> <span class='ocrx_word' id='word_1_289' title='bbox 541 3917 571 3968; x_wconf 83' lang='lat'>1,</span> <span class='ocrx_word' id='word_1_290' title='bbox 592 3921 634 3956; x_wconf 88' lang='lat' dir='ltr'>om</span> <span class='ocrx_word' id='word_1_291' title='bbox 646 3915 671 3955; x_wconf 99' lang='lat' dir='ltr'><em>N</em></span> <span class='ocrx_word' id='word_1_292' title='bbox 688 3902 695 3971; x_wconf 74' lang='grc'>11</span> <span class='ocrx_word' id='word_1_293' title='bbox 720 3907 734 3954; x_wconf 85' lang='grc'>8</span> <span class='ocrx_word' id='word_1_294' title='bbox 748 3903 876 3956; x_wconf 87' lang='lat' dir='ltr'>educarat</span> <span class='ocrx_word' id='word_1_295' title='bbox 886 3917 910 3956; x_wconf 89' lang='lat' dir='ltr'><em>N</em></span> <span class='ocrx_word' id='word_1_296' title='bbox 922 3904 930 3973; x_wconf 87' lang='grc' dir='ltr'>ΙΙ</span> <span class='ocrx_word' id='word_1_297' title='bbox 947 3908 977 3956; x_wconf 89' lang='grc'>10</span> <span class='ocrx_word' id='word_1_298' title='bbox 990 3903 1158 3956; x_wconf 89' lang='lat' dir='ltr'>adnitentem</span> <span class='ocrx_word' id='word_1_299' title='bbox 1171 3905 1186 3956; x_wconf 85' lang='lat' dir='ltr'>b</span> <span class='ocrx_word' id='word_1_300' title='bbox 1199 3904 1208 3973; x_wconf 74' lang='grc'>11</span> <span class='ocrx_word' id='word_1_301' title='bbox 1222 3903 1300 3973; x_wconf 90' lang='lat' dir='ltr'>quasi</span> <span class='ocrx_word' id='word_1_302' title='bbox 1313 3921 1367 3976; x_wconf 88' lang='grc'>000</span> <span class='ocrx_word' id='word_1_303' title='bbox 1380 3911 1447 3956; x_wconf 91' lang='lat' dir='ltr'>tem-</span> 
     </span>
     <span class='ocr_line' id='line_1_34' title="bbox 291 3984 1446 4066; baseline -0.003 -23"><span class='ocrx_word' id='word_1_304' title='bbox 291 4009 342 4060; x_wconf 86' lang='lat' dir='ltr'>pus</span> <span class='ocrx_word' id='word_1_305' title='bbox 352 3990 392 4052; x_wconf 80' lang='lat'>1¹²,</span> <span class='ocrx_word' id='word_1_306' title='bbox 415 3989 492 4058; x_wconf 90' lang='lat' dir='ltr'>quasi</span> <span class='ocrx_word' id='word_1_307' title='bbox 510 3995 617 4057; x_wconf 87' lang='lat' dir='ltr'>tempus</span> <span class='ocrx_word' id='word_1_308' title='bbox 629 4001 654 4040; x_wconf 88' lang='lat' dir='ltr'><em>N</em></span> <span class='ocrx_word' id='word_1_309' title='bbox 671 3988 679 4058; x_wconf 76' lang='grc'>11</span> <span class='ocrx_word' id='word_1_310' title='bbox 695 3991 724 4039; x_wconf 89' lang='grc'>13</span> <span class='ocrx_word' id='word_1_311' title='bbox 739 3987 875 4059; x_wconf 73' lang='grc' dir='ltr'>01000οΒ11</span> <span class='ocrx_word' id='word_1_312' title='bbox 889 3984 970 4042; x_wconf 84' lang='lat' dir='ltr'>curiis</span> <span class='ocrx_word' id='word_1_313' title='bbox 982 4001 1006 4041; x_wconf 87' lang='lat' dir='ltr'><em>N</em></span> <span class='ocrx_word' id='word_1_314' title='bbox 1018 3989 1026 4057; x_wconf 75' lang='grc'>11</span> <span class='ocrx_word' id='word_1_315' title='bbox 1042 3992 1072 4040; x_wconf 75' lang='lat' dir='ltr'>ll</span> <span class='ocrx_word' id='word_1_316' title='bbox 1086 3989 1298 4058; x_wconf 61' lang='lat' dir='ltr'>patrimoniali}</span> <span class='ocrx_word' id='word_1_317' title='bbox 1315 3991 1344 4039; x_wconf 81' lang='lat'>15</span> <span class='ocrx_word' id='word_1_318' title='bbox 1358 3987 1446 4066; x_wconf 86' lang='lat' dir='ltr'>digni-</span> 
     </span>
     <span class='ocr_line' id='line_1_35' title="bbox 290 4069 1446 4145; baseline -0.001 -17"><span class='ocrx_word' id='word_1_319' title='bbox 290 4085 331 4128; x_wconf 84' lang='lat' dir='ltr'>tas</span> <span class='ocrx_word' id='word_1_320' title='bbox 343 4088 363 4128; x_wconf 76' lang='lat' dir='ltr'>n</span> <span class='ocrx_word' id='word_1_321' title='bbox 376 4075 384 4145; x_wconf 75' lang='grc'>[1</span> <span class='ocrx_word' id='word_1_322' title='bbox 401 4078 430 4126; x_wconf 83' lang='grc'>16</span> <span class='ocrx_word' id='word_1_323' title='bbox 443 4092 473 4126; x_wconf 83' lang='grc'>00</span> <span class='ocrx_word' id='word_1_324' title='bbox 487 4074 510 4126; x_wconf 86' lang='lat' dir='ltr'>si</span> <span class='ocrx_word' id='word_1_325' title='bbox 521 4086 540 4126; x_wconf 78' lang='grc' dir='ltr'><strong><em>Β</em></strong></span> <span class='ocrx_word' id='word_1_326' title='bbox 554 4075 562 4144; x_wconf 73' lang='grc'>11</span> <span class='ocrx_word' id='word_1_327' title='bbox 577 4076 608 4125; x_wconf 88' lang='grc'>18</span> <span class='ocrx_word' id='word_1_328' title='bbox 622 4073 742 4126; x_wconf 91' lang='lat' dir='ltr'>omnium</span> <span class='ocrx_word' id='word_1_329' title='bbox 755 4073 809 4126; x_wconf 83' lang='lat' dir='ltr'>fuit</span> <span class='ocrx_word' id='word_1_330' title='bbox 820 4085 845 4126; x_wconf 92' lang='grc' dir='ltr'><em>Ν</em></span> <span class='ocrx_word' id='word_1_331' title='bbox 855 4073 864 4143; x_wconf 73' lang='lat' dir='ltr'>ss</span> <span class='ocrx_word' id='word_1_332' title='bbox 878 4091 939 4127; x_wconf 92' lang='lat' dir='ltr'>cum</span> <span class='ocrx_word' id='word_1_333' title='bbox 951 4087 970 4126; x_wconf 81' lang='lat' dir='ltr'>n</span> <span class='ocrx_word' id='word_1_334' title='bbox 983 4076 992 4144; x_wconf 74' lang='grc'>11</span> <span class='ocrx_word' id='word_1_335' title='bbox 1012 4079 1045 4127; x_wconf 82' lang='grc'>20</span> <span class='ocrx_word' id='word_1_336' title='bbox 1058 4074 1230 4143; x_wconf 90' lang='lat' dir='ltr'>inmissisque</span> <span class='ocrx_word' id='word_1_337' title='bbox 1242 4087 1267 4126; x_wconf 93' lang='grc' dir='ltr'><em>Ν</em></span> <span class='ocrx_word' id='word_1_338' title='bbox 1278 4075 1286 4144; x_wconf 76' lang='grc' dir='ltr'>ΙΙ</span> <span class='ocrx_word' id='word_1_339' title='bbox 1301 4078 1333 4126; x_wconf 81' lang='grc'>21</span> <span class='ocrx_word' id='word_1_340' title='bbox 1346 4069 1446 4142; x_wconf 75' lang='lat' dir='ltr'>adquis-</span> 
     </span>
     <span class='ocr_line' id='line_1_36' title="bbox 290 4158 1446 4228; baseline -0.002 -16"><span class='ocrx_word' id='word_1_341' title='bbox 290 4159 427 4228; x_wconf 74' lang='grc' dir='ltr'>010101Ν11</span> <span class='ocrx_word' id='word_1_342' title='bbox 441 4163 473 4212; x_wconf 82' lang='grc'>24</span> <span class='ocrx_word' id='word_1_343' title='bbox 486 4159 543 4228; x_wconf 85' lang='lat' dir='ltr'>egit</span> <span class='ocrx_word' id='word_1_344' title='bbox 554 4171 579 4211; x_wconf 90' lang='lat' dir='ltr'><em>N</em></span> <span class='ocrx_word' id='word_1_345' title='bbox 590 4158 598 4228; x_wconf 73' lang='grc'>11</span> <span class='ocrx_word' id='word_1_346' title='bbox 618 4159 646 4212; x_wconf 85' lang='grc'>10</span> <span class='ocrx_word' id='word_1_347' title='bbox 659 4158 764 4228; x_wconf 88' lang='lat' dir='ltr'>plebem</span> <span class='ocrx_word' id='word_1_348' title='bbox 777 4159 937 4212; x_wconf 88' lang='lat' dir='ltr'>uerberibus</span> <span class='ocrx_word' id='word_1_349' title='bbox 949 4178 991 4212; x_wconf 87' lang='lat' dir='ltr'>om</span> <span class='ocrx_word' id='word_1_350' title='bbox 1003 4172 1028 4211; x_wconf 91' lang='lat' dir='ltr'><em>N</em></span> <span class='ocrx_word' id='word_1_351' title='bbox 1045 4159 1054 4228; x_wconf 78' lang='grc'>11</span> <span class='ocrx_word' id='word_1_352' title='bbox 1073 4163 1105 4210; x_wconf 82' lang='grc'>25</span> <span class='ocrx_word' id='word_1_353' title='bbox 1119 4159 1246 4228; x_wconf 89' lang='lat' dir='ltr'>superbia</span> <span class='ocrx_word' id='word_1_354' title='bbox 1257 4165 1339 4228; x_wconf 89' lang='lat' dir='ltr'>atque</span> <span class='ocrx_word' id='word_1_355' title='bbox 1352 4159 1446 4210; x_wconf 87' lang='lat' dir='ltr'>crude·</span> 
     </span>
     <span class='ocr_line' id='line_1_37' title="bbox 289 4240 1445 4315; baseline -0.002 -18"><span class='ocrx_word' id='word_1_356' title='bbox 289 4245 366 4298; x_wconf 86' lang='lat' dir='ltr'>litate</span> <span class='ocrx_word' id='word_1_357' title='bbox 377 4256 402 4298; x_wconf 92' lang='lat' dir='ltr'><em>N</em></span> <span class='ocrx_word' id='word_1_358' title='bbox 413 4245 421 4315; x_wconf 77' lang='grc' dir='ltr'>Η</span> <span class='ocrx_word' id='word_1_359' title='bbox 436 4249 468 4297; x_wconf 80' lang='grc'>26</span> <span class='ocrx_word' id='word_1_360' title='bbox 482 4244 632 4308; x_wconf 82' lang='lat' dir='ltr'>saeuitiiam</span> <span class='ocrx_word' id='word_1_361' title='bbox 644 4257 669 4297; x_wconf 92' lang='lat' dir='ltr'><em>N</em></span> <span class='ocrx_word' id='word_1_362' title='bbox 688 4245 696 4312; x_wconf 74' lang='grc'>41</span> <span class='ocrx_word' id='word_1_363' title='bbox 717 4247 747 4296; x_wconf 72' lang='grc'>21</span> <span class='ocrx_word' id='word_1_364' title='bbox 763 4245 863 4314; x_wconf 88' lang='lat' dir='ltr'>oppida</span> <span class='ocrx_word' id='word_1_365' title='bbox 875 4244 947 4296; x_wconf 88' lang='lat' dir='ltr'>Latii</span> <span class='ocrx_word' id='word_1_366' title='bbox 959 4244 1116 4312; x_wconf 70' lang='lat' dir='ltr'>Haupta&#39;as:</span> <span class='ocrx_word' id='word_1_367' title='bbox 1130 4240 1231 4314; x_wconf 89' lang='lat' dir='ltr'>oppida</span> <span class='ocrx_word' id='word_1_368' title='bbox 1241 4243 1321 4296; x_wconf 83' lang='lat' dir='ltr'>Latio</span> <span class='ocrx_word' id='word_1_369' title='bbox 1332 4255 1365 4306; x_wconf 82' lang='lat' dir='ltr'>B,</span> <span class='ocrx_word' id='word_1_370' title='bbox 1380 4243 1445 4296; x_wconf 89' lang='lat' dir='ltr'>latio</span> 
     </span>
     <span class='ocr_line' id='line_1_38' title="bbox 291 4328 1445 4401; baseline -0.001 -19"><span class='ocrx_word' id='word_1_371' title='bbox 291 4330 391 4401; x_wconf 86' lang='lat' dir='ltr'>oppida</span> <span class='ocrx_word' id='word_1_372' title='bbox 402 4343 423 4394; x_wconf 91' lang='lat'>1,</span> <span class='ocrx_word' id='word_1_373' title='bbox 442 4328 542 4398; x_wconf 89' lang='lat' dir='ltr'>oppida</span> <span class='ocrx_word' id='word_1_374' title='bbox 554 4328 582 4380; x_wconf 89' lang='lat' dir='ltr'>in</span> <span class='ocrx_word' id='word_1_375' title='bbox 594 4329 660 4382; x_wconf 90' lang='lat' dir='ltr'>latio</span> <span class='ocrx_word' id='word_1_376' title='bbox 672 4341 697 4382; x_wconf 91' lang='lat' dir='ltr'><em>N</em></span> <span class='ocrx_word' id='word_1_377' title='bbox 708 4329 716 4399; x_wconf 73' lang='grc'>11</span> <span class='ocrx_word' id='word_1_378' title='bbox 731 4332 762 4380; x_wconf 72' lang='grc'>21</span> <span class='ocrx_word' id='word_1_379' title='bbox 776 4329 864 4398; x_wconf 85' lang='lat' dir='ltr'>graaii</span> <span class='ocrx_word' id='word_1_380' title='bbox 876 4341 895 4380; x_wconf 81' lang='lat' dir='ltr'><em>B</em></span> <span class='ocrx_word' id='word_1_381' title='bbox 909 4329 1004 4398; x_wconf 75' lang='grc'>1100000</span> <span class='ocrx_word' id='word_1_382' title='bbox 1015 4342 1034 4381; x_wconf 72' lang='lat' dir='ltr'>a</span> <span class='ocrx_word' id='word_1_383' title='bbox 1054 4330 1062 4397; x_wconf 76' lang='grc'>11</span> <span class='ocrx_word' id='word_1_384' title='bbox 1084 4334 1115 4384; x_wconf 81' lang='grc'>311</span> <span class='ocrx_word' id='word_1_385' title='bbox 1128 4329 1220 4382; x_wconf 84' lang='lat' dir='ltr'>hostes</span> <span class='ocrx_word' id='word_1_386' title='bbox 1232 4341 1271 4383; x_wconf 83' lang='grc' dir='ltr'>ΙΝ</span> <span class='ocrx_word' id='word_1_387' title='bbox 1281 4328 1289 4397; x_wconf 71' lang='lat' dir='ltr'>{l</span> <span class='ocrx_word' id='word_1_388' title='bbox 1303 4345 1358 4396; x_wconf 92' lang='lat' dir='ltr'>quo</span> <span class='ocrx_word' id='word_1_389' title='bbox 1371 4346 1387 4381; x_wconf 90' lang='lat' dir='ltr'>a</span> <span class='ocrx_word' id='word_1_390' title='bbox 1399 4346 1445 4398; x_wconf 91' lang='lat' dir='ltr'>ga-</span> 
     </span>
     <span class='ocr_line' id='line_1_39' title="bbox 291 4403 1201 4484; baseline -0.002 -18"><span class='ocrx_word' id='word_1_391' title='bbox 291 4415 342 4468; x_wconf 90' lang='lat' dir='ltr'>uiis</span> <span class='ocrx_word' id='word_1_392' title='bbox 354 4427 395 4478; x_wconf 76' lang='lat'>131,</span> <span class='ocrx_word' id='word_1_393' title='bbox 411 4414 455 4466; x_wconf 92' lang='lat' dir='ltr'>cui</span> <span class='ocrx_word' id='word_1_394' title='bbox 467 4413 561 4484; x_wconf 84' lang='lat' dir='ltr'>gabios</span> <span class='ocrx_word' id='word_1_395' title='bbox 573 4426 598 4466; x_wconf 95' lang='lat' dir='ltr'><em>N</em></span> <span class='ocrx_word' id='word_1_396' title='bbox 609 4414 617 4483; x_wconf 81' lang='lat' dir='ltr'>l</span> <span class='ocrx_word' id='word_1_397' title='bbox 631 4418 752 4484; x_wconf 80' lang='lat' dir='ltr'>receptos</span> <span class='ocrx_word' id='word_1_398' title='bbox 764 4426 787 4465; x_wconf 92' lang='lat' dir='ltr'><em>N</em></span> <span class='ocrx_word' id='word_1_399' title='bbox 800 4416 807 4476; x_wconf 77' lang='grc'>11</span> <span class='ocrx_word' id='word_1_400' title='bbox 1197 4403 1201 4409; x_wconf 65' lang='grc'>’</span> 
     </span>
    </p>
   </div>
   <div class='ocr_carea' id='block_1_4' title="bbox 0 0 1661 5084">
    <p class='ocr_par' dir='ltr' id='par_1_11' title="bbox 0 0 1661 5084">
     <span class='ocr_line' id='line_1_40' title="bbox 0 0 1661 5084; baseline 0 0"><span class='ocrx_word' id='word_1_401' title='bbox 0 0 1661 5084; x_wconf 95' lang='lat' dir='ltr'> </span> 
     </span>
    </p>
   </div>
  </div>
 </body>
</html>
