3300 5084
287 319 327 379 54
622 403 625 408 Δ
773 339 846 384 ινιι
862 339 960 384 suom

193 483 198 492 '
286 508 358 548 rum
384 497 417 550 et
441 485 600 568 praesidia
625 487 813 569 adgressus,
847 489 1023 552 Claudium
1048 489 1249 552 Vnimanum
1271 495 1381 572 poene
1404 493 1445 554 ud

285 589 538 658 internecionem
564 591 722 686 exercitus
748 593 864 657 cecidit
889 605 922 656 et
946 595 1089 677 insignia
1112 594 1230 658 trabeis
1251 604 1284 657 et
1305 595 1445 660 fascibus

284 697 401 760 nostris
417 717 498 779 quoe
513 707 640 784 ceperat
654 697 689 760 in
710 697 875 762 montibus
889 699 957 763 suis
973 706 1103 782 tropaeo
1115 700 1200 763 fixit.
1225 701 1357 780 tandem
1372 723 1446 766 eum

285 803 351 866 iam
361 802 480 866 Fabius
496 803 660 866 Maximus
672 803 786 866 consul
798 815 1014 909 oppresserat3
1031 807 1116 869 seda
1126 806 1306 868 successore
1318 807 1446 890 Popilio

285 903 408 971 uiolata
422 907 558 971 uictoria
572 917 632 972 est.
653 907 771 992 quippe
785 903 1072 992 quiconficiendae
1085 933 1133 973 ret
1123 909 1296 994 cupidus,
1309 912 1479 977 franums

285 1016 400 1078 ducem
413 1023 449 1076 et
462 1023 605 1076 extreme
620 1013 791 1077 deditionis
815 1013 992 1097 agitantem
1013 1025 1071 1098 p'er
1091 1017 1237 1079 haudem
1258 1028 1291 1079 et
1312 1017 1467 1092 insidias

286 1129 318 1182 et
332 1118 522 1183 domesticos
537 1139 736 1201 percussores
752 1121 939 1202 adgressus,
956 1121 1040 1184 hauc
1054 1121 1141 1187 hosti
1155 1121 1291 1204 gloriam
1304 1123 1393 1186 dedit
1407 1134 1445 1186 ut

285 1223 447 1288 uideretur
463 1223 602 1288 aliter
570 1223 658 1287 umci
673 1245 739 1288 nou
754 1247 858 1308 posse.

72 1376 74 1382 .
181 1345 216 1401 ιι,
234 1325 272 1388 18
369 1330 549 1395 Numantia
577 1339 736 1413 quantum
764 1331 971 1414 Carthaginis
1000 1280 1131 1416 Capuae
1158 1332 1309 1401 Corinthi
1330 1334 1444 1416 opibus
1511 1361 1514 1364 ⁴

75 1434 77 1440 ’
285 1437 433 1514 inferior,
455 1437 503 1500 ita
517 1435 647 1500 uirtutis
663 1435 794 1500 nomine
809 1447 842 1500 et
857 1438 980 1502 honore
994 1461 1052 1522 par
1072 1438 1240 1514 omnibus,
1265 1453 1499 1504 summum-10

241 1578 245 1588 ·
284 1565 358 1627 que,
376 1543 403 1607 si
417 1564 494 1606 uero
510 1541 670 1618 aestimes,
687 1541 868 1624 Hispaniae
883 1545 992 1608 decus.
1017 1544 1137 1627 quippe
1151 1565 1233 1626 quae
1250 1542 1442 1623 sinemuro,

284 1649 353 1714 sine
368 1647 522 1724 turribus,
546 1647 678 1712 modice.
692 1648 778 1712 edito
798 1649 837 1712 in
856 1651 983 1714 tumulo
1005 1661 1088 1732 aput*
1109 1650 1232 1712 fiumen
1254 1648 1328 1727 sita,
1352 1661 1443 1734 quat-

284 1767 356 1819 tuor
375 1755 506 1819 milibus
522 1754 756 1818 Celtiberorum
772 1757 984 1840 quadraginta
999 1750 1175 1820 eirercitum
1188 1777 1247 1839 per
1260 1777 1362 1820 anuos
1383 1777 1443 1820 un·

286 1861 389 1925 decim
408 1862 476 1925 sola
497 1860 668 1937 sustinuit,
685 1882 745 1924 nec
759 1862 918 1926 sustinuit
934 1865 1042 1939 modo,
1060 1864 1116 1926 sed
1135 1861 1264 1926 saeuius
1279 1861 1444 1945 aliquanto

284 1966 421 2050 perculit
435 1965 658 2048 pudendisque
672 1966 997 2031 foederibusadfecit.
1023 1967 1217 2044 nouissime,
1245 1989 1321 2050 curn
1340 1967 1443 2032 inuic-
1464 1979 1498 2032 15

286 2083 353 2136 tam
368 2094 436 2135 esse
451 2081 622 2147 constaret,
639 2093 719 2155 opus
734 2073 796 2136 fuit
811 2095 849 2136 eo
865 2074 920 2156 qui
932 2071 1162 2154 Carthaginem
1176 2083 1345 2137 euerterat.

370 2178 447 2240 Non
461 2186 599 2253 temere,
616 2176 644 2240 si
657 2177 751 2241 fateri
766 2178 863 2254 licet,
878 2177 979 2241 ullius
993 2197 1092 2238 causa
1105 2175 1183 2238 belli
1198 2175 1359 2240 iniustior.
1385 2178 1442 2241 Se·

254 2299 257 2307 ·
285 2283 453 2367 gidenses,
478 2282 579 2346 socios
602 2293 634 2346 et
649 2277 905 2366 consanguineos
927 2302 1024 2356 suos,
1047 2281 1269 2344 Romanorum
1292 2275 1442 2347 mamhus

285 2390 425 2472 elapsos,
442 2397 658 2470 susceperant.
673 2385 785 2450 habita
798 2409 857 2470 pro
870 2386 923 2450 his
937 2384 1120 2468 deprecatio
1132 2384 1219 2449 nihil
1230 2384 1357 2454 ualuit·
1367 2409 1442 2452 cum

285 2517 319 2559 se
336 2497 376 2558 ab
391 2493 479 2558 omni
493 2481 655 2556 bellorum
664 2486 860 2575 contagione
871 2501 1087 2567 mouerent,
1103 2491 1140 2554 in
1153 2490 1291 2574 legitimi
1304 2492 1441 2558 foederis
1461 2505 1497 2559 20

284 2601 426 2686 pretium
439 2597 520 2662 iussi
535 2618 625 2660 arma
638 2587 808 2680 deponere.
825 2596 888 2660 hoc
902 2595 949 2660 sic
962 2587 984 2660 ι
996 2596 1138 2660 barbaris
1150 2606 1332 2679 acceptum,
1351 2599 1443 2681 quusi

286 2727 402 2770 manus
419 2703 668 2768 absciderentur.
693 2701 803 2786 itaque
826 2701 938 2766 statim
951 2701 1158 2785 Megarauico
1173 2701 1348 2767 fortissimo
1360 2704 1443 2768 duce

166 2822 169 2828 '
285 2814 325 2875 ad
346 2831 435 2873 arma
458 2807 615 2872 conuersi.
647 2807 838 2892 Pompeium
861 2808 983 2890 proelio
1005 2807 1166 2890 adgressi,
1193 2807 1306 2885 foedus
1332 2818 1443 2873 tamen

167 2895 183 2981 J
224 2985 227 2988 ,
284 2917 488 2990 maluenmt,
505 2935 580 2978 cum
594 2914 753 2978 debellare
767 2913 960 2996 potuissent.
986 2912 1170 2978 Hostilium
1182 2911 1301 2977 deinde
1316 2913 1441 2980 Manci-

284 3020 471 3086 num‘hunc
492 3009 619 3103 quoque
640 3018 778 3083 assiduis
794 3018 945 3084 caedibus
966 3020 1185 3102 subegerunt,
1209 3027 1247 3083 ut
1269 3019 1311 3080 rie
1333 3019 1441 3082 oculos
1459 3030 1495 3083 25

283 3113 414 3211 quidem
430 3135 486 3188 aut
500 3147 614 3188 uocem
628 3124 827 3190 Numantini
846 3123 912 3190 uiri
932 3123 1104 3206 quisquam
1124 3123 1307 3190 sustineret.
1333 3133 1442 3189 tamen

284 3251 359 3302 cum
373 3232 434 3294 hoc
450 3252 576 3314 quoque
590 3231 702 3295 foedus
723 3231 886 3306 maluere,
914 3229 1059 3294 contenti
1082 3250 1245 3294 armorum
1261 3227 1439 3312 manubiis,

191 3329 193 3332 ’
283 3359 359 3400 cum
373 3339 414 3400 ad
427 3335 681 3400 internecionem
703 3335 825 3400 saeuire
846 3335 1038 3420 potuissent.
1072 3332 1129 3402 sed
1148 3357 1217 3398 non
1238 3332 1347 3396 minus
1370 3335 1440 3399 Nu-

285 3442 435 3508 mantini·
450 3465 547 3528 quam
572 3441 712 3508 Caudini
737 3441 827 3506 illius
852 3440 988 3506 foederis
1014 3439 1359 3524 flagrans-ignominia
1383 3450 1441 3504 aut

288 3730 299 3782 1
315 3735 342 3782 et
354 3741 396 3780 om
408 3739 433 3780 Β
443 3727 452 3798 ιι
465 3727 600 3798 praesidis
610 3724 756 3780 Halmius:
774 3725 939 3796 praesidium
955 3724 1020 3795 ΒΝιι
1031 3724 1228 3778 ιιιιιιιιιιιιιιιιιιιι
1244 3734 1265 3777 Β
1277 3723 1287 3794 ιι
1298 3727 1316 3777 2
1328 3724 1440 3778 interni-

204 3848 207 3852 ·
282 3815 387 3868 tionem
398 3825 417 3866 Β
430 3813 439 3883 ι
453 3811 551 3865 cecidit
562 3819 590 3865 et
600 3810 818 3865 Freinshemius:
835 3810 977 3864 cecidisset
988 3828 1030 3863 om
1041 3809 1105 3879 ΒΝι
1119 3812 1135 3861 3
1152 3807 1214 3861 finit
1224 3807 1441 3862 Frdmimim:

284 3897 389 3951 fixisset
405 3907 450 3950 ΒΝ
459 3899 469 3968 ιι
481 3901 568 3950 teum
580 3897 633 3950 iem
644 3896 791 3950 Halmius:
809 3895 892 3950 etiarn
900 3895 964 3966 ΒΝιι
977 3893 1184 3970 opressum-Nil
1196 3893 1299 3961 populo
1309 3905 1330 3946 Β
1342 3894 1351 3963 ιι
1366 3897 1381 3945 8
1393 3911 1441 3963 po

283 3983 368 4036 tuisse
386 3994 411 4036 u
422 3982 431 4052 ιι
443 3995 559 4036 xxxrnr
578 3995 693 4036 sunsvu
705 3994 902 4036 sensnum
913 3993 946 4045 s,
964 3992 1080 4034 sunm
1097 3988 1294 4032 nvuusrmvu
1311 3978 1356 4046 Nl
1370 3982 1400 4030 11
1416 3978 1439 4032 si

284 4055 358 4121 uiros
369 4068 414 4138 Νιι
429 4070 460 4120 12
472 4065 590 4120 Durium
602 4072 667 4136 post
682 4056 784 4120 flume'n
794 4066 857 4119 ‘add
873 4065 923 4120 odd
939 4069 995 4118 vati
1004 4064 1014 4134 ιι
1028 4063 1107 4116 silete
1117 4062 1208 4131 Βιι14
1220 4061 1439 4130 quattuordecim

283 4165 308 4206 Β
319 4153 328 4222 ιι
344 4156 375 4206 16
388 4171 456 4223 opus
467 4153 522 4206 fuit
534 4167 641 4222 quoque
659 4165 691 4203 eo
702 4163 732 4204 Β·
738 4151 747 4222 ιι
762 4154 792 4204 11
799 4147 954 4207 temere'est
963 4148 1044 4202 fateri
1054 4161 1074 4202 Β
1086 4148 1096 4219 ι
1108 4142 1244 4216 egidesses'
1256 4146 1281 4210 i,
1295 4145 1438 4215 egidenses

280 4247 304 4292 ‘B
317 4237 326 4308 ιι
342 4241 372 4291 18
386 4238 526 4308 sociosque
538 4244 566 4300 et
577 4249 596 4289 Β
609 4236 618 4306 ιι
631 4253 694 4288 suos
713 4253 755 4288 om
766 4247 792 4288 Ν
802 4233 810 4304 ιι
827 4237 858 4286 te
869 4235 1038 4303 susciperent
1047 4245 1082 4296 Β,
1105 4236 1268 4300 exceperant
1283 4230 1328 4300 Βιι
1340 4231 1380 4284 eis
1391 4231 1436 4300 Νι
1510 4261 1514 4268 ·

286 4327 320 4375 211
331 4323 461 4392 legitimis
472 4333 491 4376 Β
504 4321 513 4391 ιι
524 4324 557 4374 21
578 4326 717 4390 receptum
728 4331 754 4372 Β
763 4319 773 4389 ιι
786 4322 818 4374 22
836 4334 945 4388 megara
962 4318 1036 4378 uicto
1046 4316 1093 4387 Νι
1105 4319 1139 4370 23
1150 4315 1249 4387 proillo
1266 4328 1287 4369 Β
1299 4315 1309 4386 ι
1321 4319 1354 4368 25
1367 4316 1441 4368 hunc

287 4406 542 4476 quoquedelauerim
555 4405 564 4475 ιι
577 4401 816 4474 itasubegeruntn'
825 4403 835 4473 ιι
849 4406 881 4457 28
888 4402 1117 4459 ιιιιιιιιιιοιιιιιιΒ
1128 4402 1139 4474 ι
1150 4405 1185 4456 29
1191 4401 1320 4457 οιιιιιιιιΒ
1332 4401 1342 4472 ιι
1354 4400 1437 4470 solil
