3300 5084
513 375 1028 460 1111101111,11’.31111,15.161.
1109 367 1112 371 ’
1318 379 1355 437 51

196 543 240 604 de
255 540 368 604 ceteris
384 551 521 618 taceam,
538 545 579 605 de
594 542 679 626 ignis
694 565 785 626 mora
799 542 927 627 probari
938 553 1056 627 potest.
1080 542 1199 627 quippe
1213 564 1271 624 per
1284 565 1359 608 con·
1426 593 1430 600 .

184 645 309 710 tinuos
335 649 445 710 decem
472 657 504 709 et
530 658 654 730 septem
676 648 745 712 dies
775 649 834 713 uix
861 649 969 732 potuit
997 648 1185 710 incendium
1210 647 1359 731 extingui

201 754 287 836 quod
302 752 450 816 domibus
458 774 495 814 ac
511 753 644 836 templis
656 753 722 817 suis
739 766 854 837 sponte
868 754 976 817 hostes
991 753 1198 829 inmiserant3
1216 763 1266 829 ut,
1283 775 1359 837 qua-

202 869 296 924 tenus
311 859 387 930 urbs
404 857 485 941 eripi
500 857 657 922 Romanis
672 879 739 922 non
754 869 892 942 poterat,
909 858 1094 942 triumphus
1111 859 1245 922 arderet.

171 1113 186 1162 5
244 1131 246 1137 -
291 1097 292 1100 ‘
459 1100 616 1167 xxxii.
641 1101 827 1169 11111111
842 1100 1099 1187 achaicum.

204 1303 305 1371 Quasi
334 1304 498 1366 sacculum
526 1303 608 1365 illud
637 1304 858 1368 euersionibus
884 1304 1015 1370 urbium
1039 1315 1192 1385 curreret,
1223 1303 1409 1376 Cartha-11,
1427 1301 1465 1361 16

203 1405 289 1492 ginis
304 1409 432 1476 ruinam
447 1409 557 1474 statim
572 1407 744 1482 Corinthos
761 1409 899 1494 excepit,
917 1410 1059 1477 Achaiae
1074 1421 1189 1494 caput,
1207 1409 1361 1474 Graeciae

205 1517 321 1594 decus,
348 1511 433 1578 inter
449 1515 512 1576 duo
527 1503 647 1590 maria,
657 1499 661 1504 ¹
673 1515 804 1580 Ionium
819 1526 852 1578 et
866 1518 1049 1601 Aegaeum,
1072 1517 1164 1598 quasi
1179 1518 1372 1600 spectaculo·
1496 1589 1503 1597 .

206 1620 360 1703 exposita.
385 1621 465 1683 haec
481 1655 522 1668 -
539 1619 664 1682 facinus
680 1619 854 1703 indiguum
868 1657 909 1667 -
925 1631 1000 1687 ante
1022 1641 1173 1703 oppressa
1193 1630 1243 1684 est
1263 1642 1361 1703 quam
1412 1652 1416 1656 ·
1473 1642 1478 1646 ’

153 1737 185 1787 10
204 1725 240 1788 in
255 1729 389 1791 numero
411 1735 573 1790 certorum
592 1724 736 1790 hostium
755 1725 935 1808 referretur.
968 1724 1130 1791 critolaus
1152 1747 1249 1788 causa
1267 1711 1359 1802 belli,

206 1831 261 1916 qui
268 1831 423 1900 libertate
438 1851 458 1891 a
472 1828 628 1894 Romanis
644 1829 720 1890 data
735 1829 889 1892 aduersus
903 1828 991 1913 ipsos
1012 1851 1091 1892 usus
1113 1840 1162 1892 est
1176 1830 1361 1916 legatosque

205 1933 390 2010 RomanoS,
407 1932 544 1997 dubium
558 1955 600 2002 an
615 1942 648 1994 et
662 1953 764 1994 manu
772 1980 783 2010 ,
808 1943 892 1996 certe
908 1933 1052 1998 oratione
1073 1933 1223 1999 uiolauit.
1262 1933 1362 2016 igitur

205 2041 339 2104 Metello
350 2037 518 2119 'ordin-anti
533 2037 761 2116 cummaxime
777 2038 1003 2114 Macedoniam
1016 2041 1170 2121 mandata
1192 2048 1240 2102 est
1260 2038 1361 2114 ultio,-

192 2155 239 2209 'et
253 2144 330 2209 hinc
345 2143 526 2210 Achaicum
539 2143 673 2208 bellum.
697 2165 735 2206 ac
749 2143 892 2226 primum
907 2144 1043 2231 Critolai
1057 2140 1193 2213 manum
1202 2144 1361 2209 Metellus

154 2265 186 2314 15
208 2251 321 2315 consul
344 2271 400 2336 per
415 2249 555 2334 patentis
577 2249 680 2314 Elidis
701 2271 830 2333 campos
852 2260 920 2314 toto
940 2251 1056 2316 cecidit
1077 2249 1210 2335 Alphio.
1242 2261 1275 2313 et
1295 2271 1362 2315 uno
1403 2243 1406 2247 ⁵

205 2356 326 2440 proelio
340 2365 507 2440 peractum
521 2366 589 2419 erat
602 2357 726 2419 bellum
734 2404 744 2433 ‚
767 2355 833 2420 iam
855 2355 943 2419 enim
963 2358 1077 2420 urbem
1097 2356 1202 2440 ipsam
1224 2357 1362 2419 terrebat

208 2449 349 2538 obsidioss
379 2464 435 2525 sed
457 2461 588 2524 -fata
610 2457 718 2524 rerum
741 2457 882 2524 -cum
910 2463 1063 2526 Metellus
1091 2461 1290 2537 dimicasset,
1322 2462 1363 2524 ad

209 2567 381 2632 uictoriam·
407 2567 588 2630 Mummius
618 2568 721 2630 uenit.
759 2567 813 2632 hic
843 2567 975 2634 alterius
997 2567 1089 2630 ducis
1119 2565 1214 2629 Diaei
1243 2564 1362 2629 exerci-

210 2683 281 2737 tum
296 2675 356 2738 sub
370 2671 448 2755 ipsis
464 2671 583 2736 Isthmi
597 2673 744 2737 faucibus
759 2672 845 2738 fudit
855 2672 1065 2756 geminosque
1079 2681 1191 2754 portus
1207 2670 1364 2755 sanguine
1429 2659 1435 2670 ’

155 2791 189 2841 20
209 2777 332 2842 infecit.
356 2789 429 2841 tum
444 2779 483 2841 ab
498 2777 613 2842 incolis
636 2779 761 2842 deserta
782 2777 897 2842 ciuitas
910 2778 1044 2861 ¹direpta
1065 2777 1225 2860 primum,
1249 2776 1364 2841 deinde

210 2882 289 2951 tuba
314 2883 518 2967 praecinente
550 2883 655 2945 deleta
687 2893 746 2945 est.
789 2883 868 2967 quid
892 2883 1077 2967 signorum,
1106 2883 1183 2966 quid
1209 2882 1363 2959 uestium,

210 2989 329 3074 quidue
355 2990 539 3059 tabularum
561 2997 690 3072 raptum
711 2987 944 3072 incensumque
969 2992 1073 3073 adque
1094 2989 1274 3072 proiectum
1295 2988 1361 3051 est!

210 3107 346 3179 quantas
362 3116 437 3178 opes
456 3103 489 3158 et
504 3092 672 3157 abstulerit
695 3100 727 3158 et
749 3094 938 3158 cremauerit
959 3095 1037 3158 hinc
1060 3094 1141 3158 scias
1164 3096 1251 3177 quod
1272 3093 1363 3178 quid-

210 3201 288 3286 quid
295 3181 457 3264 Corinthii
471 3199 551 3262 aeris
568 3208 639 3283 toto
651 3198 725 3262 orbe
739 3199 891 3263 laudatur
904 3199 1054 3264 incendio
1069 3200 1264 3283 supertitisse
1279 3221 1364 3264 com·

157 3319 192 3369 15
211 3305 362 3390 perimus
386 3326 463 3368 nam
485 3314 518 3367 et
540 3303 621 3368 aeris
644 3313 755 3368 notam
776 3294 997 3386 pretiosiorem
1018 3305 1089 3388 ipsa·
1103 3305 1366 3391 opulentissimae

211 3411 300 3476 urhis
315 3409 391 3474 fecit
404 3409 516 3486 ruina;
543 3409 619 3497 quia
633 3409 783 3473 incendio
797 3410 964 3493 permixtis
975 3409 1123 3493 plurimis
1139 3409 1254 3477 statuis
1270 3420 1366 3496 atque

213 3514 390 3588 simulacris
407 3514 486 3578 aeris
503 3515 573 3598 auri
588 3515 776 3602 argentique
792 3537 895 3580 uenae
909 3515 945 3578 in
960 3536 1130 3587 commune
1144 3515 1320 3578 fluxerrmt.

216 3841 228 3890 1
244 3836 289 3890 uel
300 3836 406 3908 ignium
418 3854 493 3891 mora
503 3850 527 3891 N
539 3839 548 3910 11
560 3846 625 3909 pote
637 3847 678 3894 est
688 3853 709 3894 Β
721 3840 730 3912 11
744 3844 759 3892 3
778 3844 862 3909 ponte
872 3849 897 3890 N
913 3837 922 3908 11
936 3841 1074 3890 brunum
1086 3849 1234 3892 semem
1245 3850 1271 3892 N
1280 3838 1290 3908 11
1303 3840 1319 3892 6
1331 3839 1371 3893 ita
1388 3895 1391 3898 ,
1447 3874 1449 3878 ·

214 3922 379 3993 carthaginis
386 3935 412 3975 Ν
422 3923 431 3996 11
445 3927 459 3976 7
479 3923 619 3980 corinthus
639 3925 740 3995 excipit
751 3937 770 3978 N
783 3925 792 3994 11
807 3928 838 3977 10
856 3939 999 3982 numerum
1009 3934 1035 3974 Ν
1045 3922 1054 3992 11
1070 3925 1099 3975 11
1119 3924 1189 3976 acm
1199 3935 1219 3976 Ν
1232 3923 1241 3995 11
1254 3925 1318 3978 data
1329 3943 1371 3977 om
1430 3944 1436 3953 ·

214 4020 239 4062 Ν
249 4009 258 4078 11
274 4013 304 4062 12
317 4025 380 4061 man
392 4016 420 4061 et
430 4008 471 4080 Β1
488 4012 518 4060 13
538 4008 662 4061 ordinato
681 4021 707 4061 Ν
717 4008 726 4078 11
745 4007 878 4066 maximae
894 4021 914 4062 N
926 4007 935 4077 1
948 4007 1134 4062 macedoniam
1146 4025 1180 4071 ς.·
1198 4008 1371 4063 macedoniae

214 4103 259 4146 BN
269 4093 278 4162 11
291 4093 361 4146 ultio
372 4111 416 4146 om
433 4094 474 4164 1111
488 4096 520 4146 14
540 4092 654 4163 primam
670 4103 696 4144 Ν
706 4092 714 4163 11
727 4081 840 4146 metello
859 4092 970 4146 conside
987 4104 1006 4146 N
1019 4091 1029 4162 11
1043 4097 1075 4145 15
1093 4093 1164 4147 alfeo
1175 4103 1201 4144 Ν
1211 4093 1220 4162 11
1235 4093 1332 4145 itiam
1344 4099 1373 4145 et

216 4176 310 4232 urbem
321 4189 347 4231 Ν
357 4177 365 4247 11
381 4181 412 4232 18
424 4177 532 4232 inuenit
549 4176 683 4248 111111111θὶ
700 4176 833 4246 Pr'thiu:
857 4177 932 4232 dinei
948 4189 981 4242 B,
1008 4177 1142 4247 dignitate
1158 4190 1185 4230 N
1194 4177 1203 4248 11
1217 4181 1250 4231 20
1263 4178 1374 4245 derepta

215 4273 235 4313 N
248 4261 257 4332 11
270 4265 301 4314 21
315 4262 383 4316 tuba
402 4280 437 4326 ς..·
455 4261 536 4316 turba
553 4273 598 4316 BN
614 4261 623 4332 11
642 4260 834 4332 praecingente
852 4275 872 4316 N
890 4263 899 4333 1
919 4265 951 4314 22
964 4260 1065 4330 quidne
1076 4274 1096 4316 N
1108 4262 1117 4331 11
1130 4262 1271 4317 incensum
1290 4267 1372 4330 atque

216 4344 495 4418 Ν11141011111111111
515 4350 673 4402 literatum
689 4346 742 4417 Ν11
761 4347 891 4402 2611111111
915 4344 1072 4414 Hauptiur:
1102 4345 1278 4417 syiniuriaN,
1304 4343 1374 4396 iniu-

218 4427 259 4481 ria
269 4440 294 4482 N
305 4430 314 4500 11
1160 4454 1172 4493 j

1163 4518 1204 4579 4*
