3300 5084
261 349 451 430 ν’·’4Ὀ2Ἱ3Ἷ
528 340 554 418 'f
568 343 577 414 ἶ
798 387 869 431 rum
885 386 983 431 mom
1016 387 1020 391 ·

305 535 474 619 recepisset
496 536 531 597 in
552 535 692 620 regiam,
720 535 891 618 magnifice
917 537 1066 619 epulatus
1089 547 1137 599 est
1162 522 1290 620 postero
1312 535 1363 598 die
1385 559 1459 600 cum

307 641 434 704 Petreio
448 641 543 724 fugae
559 641 675 706 comite
690 661 849 724 superque
863 663 990 705 mensas
1012 652 1044 704 et
1064 643 1181 724 pocula
1199 641 1459 705 interficiendum

305 767 339 808 se
354 745 383 807 ei
397 737 556 828 praebuit.
580 746 635 808 ille
650 755 682 808 et
697 746 765 829 regi
787 747 913 809 suffecit
935 758 968 810 et
989 747 1068 823 sibi,
1092 769 1166 810 cum
1186 746 1317 808 interim
1345 748 1460 810 semesi

304 849 340 912 in
367 851 472 912 medio
501 849 565 913 cibi
592 860 624 912 et
650 851 829 934 parentalia
856 851 976 914 fercula
1002 852 1091 935 regio
1120 853 1218 916 simul
1244 853 1458 934 Romanoque

305 955 464 1036 sanguine
479 957 663 1018 madebant.
694 958 774 1020 Cato
789 979 856 1020 non
870 956 1018 1019 interfuit
1031 958 1128 1020 bello.
1158 956 1271 1040 positis
1289 968 1374 1039 aput
1394 961 1493 1020 Bae

278 1123 281 1127 .
304 1062 437 1142 gradan
458 1060 568 1122 castris
589 1061 717 1125 Vticam
739 1061 831 1125 uelut
854 1063 954 1125 altera
975 1062 1104 1124 Africae
1129 1063 1269 1125 claustra
1295 1064 1454 1126 seruabat.

305 1167 361 1228 sed
384 1175 514 1248 accepta
527 1164 669 1248 partium
692 1167 780 1230 clade
802 1167 885 1248 nihil
908 1177 1078 1230 cunctatus
1100 1177 1149 1230 est
1172 1177 1222 1242 et,
1253 1178 1291 1230 ut
1311 1167 1456 1250 sapiente

304 1269 440 1352 dignum
455 1279 540 1344 erat,
565 1280 700 1332 mortem
722 1273 783 1334 sibi
804 1273 903 1335 etiam
917 1273 1021 1336 laetus
1037 1271 1164 1335 accinit.
1189 1293 1266 1333 nam
1286 1264 1480 1355 postquam

303 1375 407 1437 filium
422 1375 617 1458 comitesque
633 1377 672 1439 ab
687 1379 839 1460 amplexu
854 1348 988 1453 dimisii,
1004 1377 1040 1438 in
1054 1388 1182 1440 noctem
1202 1377 1284 1438 lecto
1300 1378 1341 1439 ad
1356 1378 1456 1440 lucer-

303 1501 380 1541 nam
401 1481 547 1545 Platonis
569 1481 650 1544 libro
677 1482 733 1564 qui
753 1482 1015 1546 inmortalitatem
1038 1482 1163 1544 animae
1186 1468 1297 1568 docet,
1320 1484 1456 1565 paulum
1477 1495 1510 1544 ιθ

304 1585 404 1667 quieti
419 1587 508 1649 dedit
515 1611 524 1662 3
544 1595 621 1648 tunc
634 1587 719 1649 circa
730 1588 866 1672 primam
878 1588 1026 1671 uigiliam
1037 1587 1147 1650 stricto
1157 1587 1264 1669 gladio
1276 1574 1457 1650 reuelatum

302 1701 414 1771 pectus
431 1693 529 1756 semel
543 1691 723 1775 iterumque
744 1693 912 1777 percussit.
939 1693 1009 1756 ausi
1031 1692 1187 1775 posthoc
1209 1692 1316 1754 uirum
1338 1692 1455 1754 medici

302 1793 423 1857 uiolare
438 1797 599 1860 fomentis.
631 1798 688 1860 ille
701 1820 833 1880 passus,
850 1801 928 1860 dum
944 1800 1167 1874 abscederent,
1191 1797 1320 1860 rescidit
1341 1798 1454 1880 plagas

109 1969 110 1976 1
197 1943 199 1948 -
303 1911 475 1984 secutaque
490 1904 524 1965 ui
540 1902 706 1986 sanguinis
721 1904 927 1966 moribrmdas
942 1925 1057 1966 manus
1078 1903 1114 1965 in
1136 1903 1205 1986 ipso
1227 1904 1358 1966 uolnere
1378 1903 1452 1966 reli·

303 2005 384 2087 quit,
403 2009 487 2088 quod
502 2008 571 2090 ipse
584 2009 634 2070 bis
650 2009 779 2071 fecerat.
1473 2017 1505 2070 15

386 2111 487 2176 Quasi
501 2133 680 2193 numquam
695 2122 777 2174 esset
792 2111 993 2186 dimicatum,
1010 2112 1056 2174 sic
1067 2134 1155 2174 arma
1165 2133 1276 2175 rursus
1289 2124 1322 2176 et
1332 2124 1452 2196 partes,

300 2225 484 2297 quantoque
498 2215 607 2277 Africa
623 2235 720 2297 supra
735 2216 935 2278 Thessaliam
949 2217 1031 2291 fuit,
1053 2226 1145 2277 tanto
1160 2217 1303 2278 Africam
1325 2240 1453 2300 supera-

299 2320 356 2382 bat
371 2319 543 2404 Hispania.
572 2318 921 2402 plurimumquantum
936 2320 1054 2382 fauoris
1068 2321 1213 2401 partibus
1228 2322 1325 2382 dabat
1341 2323 1452 2382 frater·
1501 2353 1506 2356 ·

299 2423 385 2487 nitas
402 2427 520 2490 ducum
534 2435 566 2488 et
580 2447 638 2509 pro
660 2448 725 2488 uno
747 2427 828 2487 duos
849 2435 931 2488 stare
953 2425 1134 2508 Pompeios.
1159 2426 1268 2506 itaque
1291 2444 1453 2507 nusquam

300 2528 438 2594 atrocius
453 2554 512 2594 nec
528 2543 593 2595 tam
609 2531 743 2613 ancipiti
757 2531 862 2592 Marte
878 2550 1068 2594 concursum
1089 2541 1148 2594 est.
1172 2530 1313 2613 primum
1333 2530 1368 2592 in
1383 2529 1453 2612 ipso
1473 2543 1509 2592 20

300 2635 381 2698 ostio
397 2637 519 2700 Oceani
533 2639 639 2700 Vama
654 2636 835 2718 Didiusque
856 2636 956 2718 legati
977 2636 1160 2698 conflixere.
1193 2637 1248 2698 sed
1270 2635 1375 2698 acrius
1389 2636 1452 2699 fuit

205 2757 207 2761 ’
299 2762 373 2802 cum
388 2741 457 2823 ipso
472 2741 553 2804 mari
568 2763 666 2825 quam
680 2742 763 2805 inter
786 2763 820 2804 se
841 2740 1142 2815 nauibus<bcllum3
1175 2740 1334 2822 siquidem
1362 2740 1453 2822 quasi

298 2845 437 2907 furorem
452 2847 573 2910 ciuium
589 2847 758 2930 castigaret
773 2847 922 2909 Oceanus
945 2855 1114 2928 utramque
1136 2846 1270 2908 classem
1284 2845 1451 2926 naufragio

213 3005 215 3014 ,
299 2950 424 3012 cecidit.
444 2951 575 3032 quinam
590 2951 645 3013 ille
660 2952 781 3026 horror,
799 2973 874 3012 cum
888 2953 1001 3014 eodem
1012 2961 1153 3034 tempore
1164 2951 1282 3014 fluctus
1293 2936 1450 3032 procellae
1522 3029 1526 3032 ἢ

298 3054 361 3134 uiri
387 3076 486 3116 naues
509 3066 707 3118 armamenta
728 3055 953 3136 confligerent!
978 3056 1060 3117 adde
1082 3055 1163 3118 situs
1185 3055 1286 3137 ipsius
1306 3054 1448 3117 formidi-
1469 3069 1503 3116 25

297 3181 391 3234 nem,
419 3159 585 3242 uergentia
606 3159 641 3221 in
661 3177 782 3235 unum,
810 3159 888 3220 hinc
911 3159 1109 3242 Hispaniae,
1137 3160 1213 3222 inde
1236 3161 1451 3224 Mauritaniae

297 3264 409 3339 litora,
434 3287 521 3326 marc
537 3273 568 3327 et
583 3264 775 3328 intestinum
789 3275 821 3328 et
834 3274 1002 3326 externum
1022 3264 1282 3347 inminentesque
1299 3265 1451 3328 Herculis

298 3369 461 3450 speculas,
478 3391 553 3432 cum
567 3371 675 3434 omnia
690 3370 834 3452 undique
849 3369 946 3431 simul
959 3369 1080 3451 proelio
1094 3380 1127 3432 et
1142 3380 1333 3454 tempestate
1346 3370 1448 3433 saeui·

212 3510 217 3515 e
297 3484 379 3536 rent.
415 3497 490 3538 mox
516 3475 599 3539 circa
624 3476 823 3540 obsidionem
848 3472 978 3536 urbium
999 3473 1159 3556 utrimque
1181 3472 1361 3537 discursum
1384 3485 1446 3550 est,

297 3595 387 3662 quaa¹
404 3579 537 3643 miserae
563 3581 647 3645 inter
673 3583 731 3648 hos
755 3591 851 3662 atque
873 3579 946 3641 illos
972 3581 1068 3641 duces
1095 3577 1257 3642 societatis
1282 3581 1448 3642 Romanae
1468 3591 1503 3640 30

257 3754 261 3762 ’
298 3765 310 3814 1
324 3763 399 3832 regia
410 3776 430 3817 B
442 3765 451 3834 11
464 3773 506 3818 est
517 3784 559 3817 om
571 3779 595 3818 N
606 3767 614 3836 11
628 3769 642 3817 3
656 3764 755 3818 sufficit
772 3775 795 3814 N
807 3764 815 3832 1
829 3762 944 3814 semcnsi
955 3775 980 3814 N
990 3762 999 3831 11
1013 3767 1028 3813 4
1041 3762 1094 3814 ciui
1106 3773 1130 3813 Ν
1141 3761 1150 3829 11
1163 3760 1282 3830 pericula
1293 3778 1362 3829 quae
1373 3760 1449 3828 regio

295 3859 315 3900 B
327 3848 337 3914 11
350 3852 365 3898 5
378 3849 526 3921 positisque
538 3863 563 3902 Ν
574 3852 583 3920 11
597 3855 612 3903 6
625 3849 741 3903 uelutiB
755 3849 763 3916 11
777 3848 874 3900 africae
895 3856 981 3898 castra
992 3859 1012 3900 B
1024 3847 1033 3915 1
1047 3851 1061 3897 7
1075 3853 1117 3899 est
1128 3854 1156 3898 et
1167 3842 1263 3911 serpsi
1270 3864 1279 3892 .·
1299 3852 1340 3894 est
1351 3856 1387 3904 B,
1406 3861 1449 3894 om

295 3931 368 4001 Ν118
387 3934 439 3987 sibi
456 3953 497 3987 om
509 3945 532 3986 Ν
545 3936 553 4004 1
567 3937 582 3986 9
595 3935 665 3986 filius
677 3945 696 3985 Β
709 3934 718 4002 11
730 3938 810 3984 nocte
822 3943 846 3983 N
857 3932 868 3999 11
882 3932 910 3980 11
927 3930 1031 3999 quieuit
1048 3937 1107 3982 tum
1125 3940 1151 3981 N
1161 3927 1169 3996 11
1183 3925 1285 3979 strictio
1304 3925 1385 3994 gadio
1396 3939 1421 3978 N
1439 3929 1449 3996 11
1557 3935 1562 3940 “

294 4017 444 4072 reuelatum
456 4034 537 4072 manu
550 4025 676 4088 peccatos
688 4029 711 4069 N
723 4018 732 4088 11
749 4021 777 4069 ll
792 4015 889 4083 uilel
902 4015 1046 4067 uulneres
1059 4015 1067 4084 11
1086 4011 1203 4080 reliquid
1219 4021 1244 4061 N
1255 4009 1263 4079 11
1279 4013 1310 4061 15
1324 4010 1397 4079 quod
1415 4041 1449 4051 >-

294 4101 448 4155 laceratum
460 4115 486 4156 Ν
495 4103 505 4174 11
520 4106 549 4155 16
564 4101 641 4174 qussi
653 4118 708 4154 non
721 4109 792 4154 osset
803 4117 918 4170 usquam
927 4099 1084 4152 dimicatum
1098 4109 1125 4149 N
1134 4097 1143 4164 11
1160 4099 1188 4146 17
1207 4095 1348 4148 thesallam
1360 4106 1380 4148 B
1393 4096 1403 4164 11
1419 4098 1449 4147 19

294 4186 349 4238 duo
361 4197 386 4238 N
396 4185 404 4254 11
418 4189 448 4238 21
463 4187 553 4240 hostio
565 4199 584 4240 B
597 4188 605 4258 11
619 4185 712 4240 oceani
726 4183 740 4238 b
754 4185 763 4256 11
776 4186 868 4238 uarius
885 4185 972 4253 Β122
992 4184 1068 4235 uelut
1084 4179 1202 4232 furorem
1223 4177 1339 4231 ciuicum
1356 4181 1446 4249 Ν1123

294 4271 377 4324 classe
389 4283 408 4322 B
421 4271 430 4340 11
444 4275 477 4324 24
494 4270 620 4324 fluctibus
631 4283 659 4334 B,
672 4271 777 4325 fructus
789 4281 814 4322 N
825 4270 834 4339 11
847 4270 879 4321 25
892 4285 966 4321 arma
982 4275 1010 4319 et
1021 4268 1172 4318 armentar}
1184 4263 1193 4334 11
1206 4264 1345 4316 adesituus
1356 4276 1382 4316 N
1393 4264 1402 4332 11
1416 4267 1448 4315 26

294 4355 419 4424 urgentia
434 4367 453 4406 Ν
471 4356 480 4425 11
498 4355 647 4424 inispaniae
658 4367 678 4408 B
691 4355 699 4424 11
712 4354 871 4408 moritaniae
891 4352 973 4422 61127
994 4357 1130 4404 esternum
1149 4350 1236 4419 31123
1255 4355 1282 4402 et
1301 4367 1343 4400 om
1359 4359 1379 4402 B
1392 4350 1400 4417 1
1414 4351 1447 4399 ‘m

294 4438 448 4491 obsidiones
459 4451 484 4490 N
494 4437 503 4507 11
517 4442 548 4490 30
561 4456 650 4491 romae
662 4451 682 4492 B
694 4439 704 4509 11
