3300 5084
674 339 870 386 PRAEFATIO.
1269 326 1357 382 XXV

188 491 275 574 quod
290 513 310 572 p
328 497 380 565 80,
399 495 416 551 2
441 487 606 570 aptissimo
621 488 691 552 loco
706 490 860 572 leguntur
871 484 925 552 ‘ree
933 489 1073 573 populus
1091 489 1232 572 pestium
1254 489 1356 552 uictor

186 596 331 678 orbisque
339 616 505 678 possessor
521 593 642 656 loribus
658 594 792 678 ocfoois
807 593 874 656 suis
889 585 1041 656 exularet'
1050 641 1060 669 ,
1085 615 1166 675 quae
1183 604 1249 656 tam
1262 594 1355 656 breui

186 701 290 783 spatio
304 689 358 763 bis'
376 699 540 782 peninon
562 699 704 783 potuisse
720 699 785 761 iam
805 699 862 761 diu
884 709 1091 781 perspectum
1109 708 1167 761 est.
1192 698 1306 780 quain
1319 721 1353 761 re

186 806 367 869 Graeuium
381 805 478 868 miror
494 803 561 886 qui,
580 827 653 868 cum
670 804 846 867 Salmasius
861 804 1036 866 rectissime
1057 804 1234 866 monuisset
1248 802 1353 886 priore
1413 840 1417 848 ,

184 911 254 974 loco
270 932 308 972 ea
323 888 421 972 uerba
435 931 601 1002 perperam
614 910 719 992 posita
743 932 829 986 esse,
853 909 1026 992 posteriore
1047 910 1154 991 potius
1177 907 1275 971 deleri
1295 930 1351 971 uo·

184 1015 257 1078 luit.
283 1017 339 1078 sed
353 1038 448 1078 nemo
471 1015 644 1097 explicauit
673 1015 729 1098 qui
751 1016 873 1077 factum
894 1014 937 1077 sit
958 1024 996 1077 ut
1018 1015 1097 1077 hacc
1111 1015 1211 1076 uerba
1225 1024 1352 1076 mutata

182 1120 320 1182 lectione
335 1120 371 1182 in
385 1121 479 1183 illum
494 1122 601 1184 locum
617 1122 773 1184 translata
788 1121 864 1183 sint.
900 1141 941 1182 ex
962 1119 1008 1182 eis
1030 1142 1111 1202 quae
1133 1122 1172 1182 de
1187 1126 1218 1182 X
1240 1119 1349 1202 dispu-

184 1236 252 1288 tata
267 1235 343 1289 sunt
360 1236 502 1309 apparet,
520 1247 594 1287 cum
608 1225 644 1288 in
659 1248 696 1289 eo
711 1227 867 1309 scriptum
880 1225 994 1289 fuisset

226 1354 265 1394 roe
279 1332 421 1414 populus
440 1331 582 1414 pontium
603 1331 704 1409 uictor
725 1331 869 1415 orbisque
883 1352 1048 1413 possessor
1067 1330 1188 1394 loribus
1209 1353 1247 1393 oo
1257 1330 1349 1414 focis

324 1426 326 1432 ¹
393 1436 459 1499 suis
474 1419 618 1500 exularet

184 1541 380 1626 adscriptum
402 1563 470 1604 esse
490 1563 547 1623 pro
567 1541 657 1606 uaria
681 1542 839 1620 lectione,
857 1544 989 1606 fortasse
1004 1541 1039 1605 in
1054 1539 1198 1624 margine
1213 1539 1350 1604 antima

182 1647 302 1731 pagina
452 1728 458 1733 .

207 1777 264 1816 'rae
278 1755 419 1837 populus
438 1752 580 1838 peritiam
595 1753 697 1818 uictor
718 1753 863 1838 orbisque
877 1773 1042 1836 possessor
1063 1749 1197 1814 extorris
1219 1750 1287 1812 oris
1309 1773 1347 1812 oo

382 1861 472 1946 focis
488 1869 595 1944 operet
885 1937 892 1946 μ

166 1962 262 2048 ¹quae
278 1977 389 2049 postca
404 1988 506 2028 errore
522 1965 729 2029 describentis
744 1965 863 2028 falsum
877 1966 984 2029 locum
1005 1971 1212 2046 occuparunt.
1237 1961 1346 2043 itaque

157 2056 161 2064 Ι
182 2071 234 2134 hic
250 2068 376 2156 quoque
392 2073 471 2134 duas
482 2065 631 2134 ¹eiusdem
656 2070 719 2134 loci
742 2071 894 2135 lectiones
917 2069 1050 2133 traditas
1065 2069 1241 2143 habemus,
1270 2089 1347 2149 qua·

180 2200 252 2240 rum
269 2189 339 2241 utra
353 2200 430 2240 uera
445 2177 486 2240 sit
502 2199 618 2260 anceps
638 2176 794 2246 iudicium
809 2186 868 2240 est.

180 2305 202 2364 p
224 2289 276 2358 91,
299 2293 339 2346 17.
357 2283 394 2348 in
420 2283 527 2355 codice
547 2290 585 2347 N
607 2283 686 2365 haec
711 2284 884 2366 leguntur,
912 2304 994 2365 quae
1016 2279 1195 2343 emendatis
1217 2278 1345 2368 leuibus

181 2387 375 2470 quibusdam
386 2389 511 2452 mendis
520 2373 753 2451 adscribam‘lu'
763 2390 869 2470 copias
884 2387 951 2451 uiri
965 2386 1021 2448 dio
1036 2394 1067 2448 et
1080 2384 1214 2466 competi
1226 2405 1347 2465 semper
1400 2381 1403 2385 ’

181 2493 248 2555 ocio
264 2493 432 2568 ottriaere,
450 2515 506 2554 roeo
516 2502 626 2578 *tomen
634 2492 730 2572 prius
747 2493 825 2555 bello
841 2511 1080 2574 quomisuoram
1095 2489 1209 2567 scelere
1224 2495 1255 2550 et
1269 2488 1345 2548 insi-

172 2583 245 2660 ¹diis
261 2595 415 2657 estractus
431 2605 486 2658 est.
511 2595 617 2677 copias
633 2595 699 2656 eius
708 2617 810 2676 prope
827 2602 892 2657 toto
906 2593 1056 2675 hispania
1069 2592 1232 2675 persecuti
1244 2590 1301 2652 dio
1316 2599 1347 2653 et

182 2698 319 2781 eremiti
331 2720 452 2781 semper
467 2699 534 2761 acie
550 2692 780 2762 domuaeruret'.
793 2699 966 2764 .Graeuius
982 2720 1057 2760 cum
1071 2697 1195 2761 uideret
1210 2698 1346 2759 eandem

182 2802 376 2868 sententiam
391 2804 510 2868 eisdem
524 2805 589 2868 fere
605 2804 710 2868 uerbis
726 2816 914 2889 conceptam
927 2819 994 2867 non
1008 2803 1151 2888 potuisse
1167 2825 1187 2866 a
1200 2803 1295 2866 Floro
1309 2801 1345 2863 in

181 2920 273 2972 tanta
286 2911 444 2973 breuitate
460 2911 577 2995 repeti,
591 2912 691 2974 uerba
702 2905 773 2975 ‘dio
788 2921 819 2976 er
832 2911 968 2994 occepite'
979 2932 1101 2992 semper
1115 2909 1183 2973 acie
1197 2911 1344 2972 domuere-

116 3041 119 3046 ·
181 3009 267 3082 roat'
284 3027 316 3079 et
328 3011 448 3097 ‘copias
464 3010 540 3080 eius'
557 3015 657 3080 deleri
672 3017 776 3080 uoluit
797 3027 962 3100 tamquam
983 3017 1286 3106 interpretamenta,
1313 3023 1345 3075 et

178 3144 259 3204 quae
273 3132 396 3185 restant
407 3112 516 3205 ‘prope
532 3132 595 3187 toto
602 3104 767 3204 Hispania
775 3115 946 3205 persecuti
962 3123 1199 3208 transmonenda
1212 3130 1285 3203 post
1296 3113 1347 3182 ‘la‘

180 3228 286 3309 eopios
302 3220 377 3290 uiro0
393 3228 529 3292 censuit.
555 3251 668 3292 uerum
682 3229 729 3292 ita
743 3229 851 3292 locum
865 3229 993 3292 restitui
1006 3252 1073 3292 non
1087 3250 1185 3312 posse
1195 3229 1288 3289 docet
1302 3231 1342 3301 B,
1440 3266 1442 3277 ·

177 3331 212 3394 in
227 3355 290 3414 quo
305 3333 385 3396 haec
400 3335 439 3396 ab
455 3334 549 3396 initio
564 3330 779 3417 leguntur‘hi
798 3335 905 3417 copias
927 3336 1131 3399 adtriuerarot
1148 3333 1216 3396 uiri
1236 3332 1293 3394 dio
1314 3340 1346 3394 et
1375 3383 1379 3385 Δ

178 3437 314 3518 occepitr'
326 3459 447 3519 semper
462 3439 530 3501 oor'e
536 3449 718 3522 perpaulum
734 3433 805 3514 θεὴ·
821 3462 902 3527 quae
917 3451 1096 3521 sequuntur
1110 3462 1177 3502 non
1192 3437 1344 3500 differunt

177 3539 278 3603 abeis
295 3563 377 3622 quae
391 3544 486 3604 modo
507 3565 549 3604 ex
569 3549 607 3605 N
618 3543 782 3624 adscripsi.
807 3554 938 3625 apparet
960 3543 1025 3606 iam
1045 3545 1145 3606 uerba
1163 3540 1344 3625 propriolum

176 3655 233 3723 est,
252 3668 333 3730 quae
348 3653 386 3710 N
397 3646 504 3710 omisit
519 3657 556 3708 ut
572 3647 788 3728 aliquomodo
803 3658 997 3711 structuram
1012 3650 1162 3724 efficeret,
1178 3658 1344 3729 tamquam

176 3752 305 3816 maioris
321 3753 437 3816 ulceris
453 3752 590 3836 uestigia
607 3753 718 3816 relicta
733 3775 820 3829 esse3
852 3764 885 3816 et
907 3776 949 3816 ex
969 3754 1014 3817 eis
1037 3776 1119 3838 quae
1135 3756 1174 3816 de
1189 3753 1297 3816 codice
1312 3759 1349 3816 X·
1432 3749 1434 3759 '

176 3857 262 3920 dicta
277 3868 353 3922 sunt
368 3857 485 3921 certius
501 3857 599 3920 etiam
614 3858 722 3942 colligi
737 3869 842 3942 potest
871 3883 984 3922 uerum
1006 3860 1125 3924 uidisse
1148 3859 1339 3936 Graeuium,

175 3985 249 4026 cum
264 3975 393 4046 putaret
408 3965 507 4026 uerba
526 3959 598 4026 ‘dio
622 3973 652 4026 et
672 3965 770 4027 uario
790 3986 914 4047 semper
929 3958 1005 4027 oee'e’
1020 3988 1078 4049 pro
1093 3964 1184 4028 uaria
1203 3965 1342 4029 lectione

177 4069 337 4152 adscripta
352 4091 420 4133 esse
435 4069 499 4133 illis
519 4063 590 4133 ‘dio
614 4079 645 4132 et
666 4069 801 4153 occipiti
819 4092 942 4153 semper
957 4064 1034 4133 ocie'
1042 4099 1056 4146 ,·
1074 4074 1130 4134 sed
1145 4072 1261 4135 melius
1277 4072 1343 4134 iam

174 4185 420 4258 utrumcumque
436 4198 549 4238 uerum
565 4187 614 4239 est
637 4177 866 4260 adproperatum
887 4169 935 4240 est
953 4178 1113 4260 pertinere
1128 4178 1339 4241 censebimus.

174 4289 244 4343 tum
259 4279 340 4343 illud
361 4304 487 4364 quoquc
508 4293 594 4344 recte
615 4281 795 4366 perspexit,
819 4282 927 4346 uerbis
945 4276 995 4346 ‘lu‘
1015 4283 1122 4365 eopios
1141 4284 1345 4347 adtriueroat
1443 4331 1447 4338 .

173 4377 249 4448 airao
264 4387 377 4457 eodem
391 4389 485 4450 modo
502 4387 581 4452 olim
588 4387 749 4472 adscripta
756 4387 856 4452 fuisse
871 4383 1262 4472 quaesequuntur‘oopeos
1277 4386 1344 4447 eius
