<?xml version="1.0" encoding="UTF-8"?>
<!DOCTYPE html PUBLIC "-//W3C//DTD XHTML 1.0 Transitional//EN"
    "http://www.w3.org/TR/xhtml1/DTD/xhtml1-transitional.dtd">
<html xmlns="http://www.w3.org/1999/xhtml" xml:lang="en" lang="en">
 <head>
  <title>
</title>
<meta http-equiv="Content-Type" content="text/html;charset=utf-8" />
  <meta name='ocr-system' content='tesseract 3.04.00' />
  <meta name='ocr-capabilities' content='ocr_page ocr_carea ocr_par ocr_line ocrx_word'/>
</head>
<body>
  <div class='ocr_page' id='page_1' title='image "./ivlifloriepitom00jahngoog_0128.png"; bbox 0 0 3300 5084; ppageno 0'>
   <div class='ocr_carea' id='block_1_1' title="bbox 255 333 1239 410">
    <p class='ocr_par' dir='ltr' id='par_1_1' title="bbox 255 333 1239 410">
     <span class='ocr_line' id='line_1_1' title="bbox 255 333 1239 410; baseline -0.004 -4"><span class='ocrx_word' id='word_1_1' title='bbox 255 346 294 406; x_wconf 80' lang='lat'>74</span> <span class='ocrx_word' id='word_1_2' title='bbox 757 362 828 404; x_wconf 75' lang='lat' dir='ltr'>iver</span> <span class='ocrx_word' id='word_1_3' title='bbox 843 333 941 405; x_wconf 75' lang='lat' dir='ltr'>mour</span> <span class='ocrx_word' id='word_1_4' title='bbox 1033 391 1039 397; x_wconf 87' lang='lat'>.</span> <span class='ocrx_word' id='word_1_5' title='bbox 1153 407 1156 410; x_wconf 65' lang='grc'>,</span> <span class='ocrx_word' id='word_1_6' title='bbox 1234 395 1239 402; x_wconf 94' lang='grc'>.</span> 
     </span>
    </p>
   </div>
   <div class='ocr_carea' id='block_1_2' title="bbox 253 491 1405 805">
    <p class='ocr_par' dir='ltr' id='par_1_2' title="bbox 253 491 1405 805">
     <span class='ocr_line' id='line_1_2' title="bbox 253 491 1405 593; baseline -0.002 -18"><span class='ocrx_word' id='word_1_7' title='bbox 253 497 343 576; x_wconf 87' lang='lat' dir='ltr'>mum</span> <span class='ocrx_word' id='word_1_8' title='bbox 357 512 511 575; x_wconf 87' lang='lat' dir='ltr'>uictoriae</span> <span class='ocrx_word' id='word_1_9' title='bbox 526 513 640 586; x_wconf 89' lang='lat' dir='ltr'>decus,</span> <span class='ocrx_word' id='word_1_10' title='bbox 669 491 806 593; x_wconf 79' lang='lat' dir='ltr'>supplex</span> <span class='ocrx_word' id='word_1_11' title='bbox 829 532 904 573; x_wconf 91' lang='lat' dir='ltr'>cum</span> <span class='ocrx_word' id='word_1_12' title='bbox 925 511 961 572; x_wconf 92' lang='lat' dir='ltr'>in</span> <span class='ocrx_word' id='word_1_13' title='bbox 975 520 1080 574; x_wconf 90' lang='lat' dir='ltr'>eastra</span> <span class='ocrx_word' id='word_1_14' title='bbox 1095 510 1257 586; x_wconf 91' lang='lat' dir='ltr'>uenisset,</span> <span class='ocrx_word' id='word_1_15' title='bbox 1285 532 1405 592; x_wconf 89' lang='lat' dir='ltr'>equum</span> 
     </span>
     <span class='ocr_line' id='line_1_3' title="bbox 253 609 1405 713; baseline -0.002 -33"><span class='ocrx_word' id='word_1_16' title='bbox 253 628 286 680; x_wconf 92' lang='lat' dir='ltr'>et</span> <span class='ocrx_word' id='word_1_17' title='bbox 306 618 454 700; x_wconf 80' lang='lat' dir='ltr'>phaleras</span> <span class='ocrx_word' id='word_1_18' title='bbox 475 628 508 680; x_wconf 91' lang='lat' dir='ltr'>et</span> <span class='ocrx_word' id='word_1_19' title='bbox 534 639 593 680; x_wconf 89' lang='lat' dir='ltr'>sua</span> <span class='ocrx_word' id='word_1_20' title='bbox 613 637 702 678; x_wconf 91' lang='lat' dir='ltr'>arma</span> <span class='ocrx_word' id='word_1_21' title='bbox 727 626 801 678; x_wconf 86' lang='lat' dir='ltr'>ante</span> <span class='ocrx_word' id='word_1_22' title='bbox 824 616 970 679; x_wconf 81' lang='lat' dir='ltr'>Caesaris</span> <span class='ocrx_word' id='word_1_23' title='bbox 992 638 1099 713; x_wconf 85' lang='lat' dir='ltr'>genua</span> <span class='ocrx_word' id='word_1_24' title='bbox 1123 615 1267 698; x_wconf 89' lang='lat' dir='ltr'>proiecit.</span> <span class='ocrx_word' id='word_1_25' title='bbox 1299 609 1405 680; x_wconf 83' lang='lat' dir='ltr'>‘habe&#39;</span> 
     </span>
     <span class='ocr_line' id='line_1_4' title="bbox 254 714 1325 805; baseline 0 -21"><span class='ocrx_word' id='word_1_26' title='bbox 254 722 371 805; x_wconf 91' lang='lat' dir='ltr'>inquit.</span> <span class='ocrx_word' id='word_1_27' title='bbox 386 716 514 786; x_wconf 80' lang='lat' dir='ltr'>‘fortem</span> <span class='ocrx_word' id='word_1_28' title='bbox 528 723 649 799; x_wconf 84' lang='lat' dir='ltr'>uirum,-</span> <span class='ocrx_word' id='word_1_29' title='bbox 666 721 717 784; x_wconf 88' lang='lat' dir='ltr'>uir</span> <span class='ocrx_word' id='word_1_30' title='bbox 731 721 917 798; x_wconf 77' lang='lat' dir='ltr'>fortissime,</span> <span class='ocrx_word' id='word_1_31' title='bbox 932 714 1063 785; x_wconf 75' lang='lat' dir='ltr'>uicisti.³</span> <span class='ocrx_word' id='word_1_32' title='bbox 1322 714 1325 718; x_wconf 62' lang='grc'><strong>’</strong></span> 
     </span>
    </p>
   </div>
   <div class='ocr_carea' id='block_1_3' title="bbox 516 943 1138 1042">
    <p class='ocr_par' dir='ltr' id='par_1_3' title="bbox 516 943 1138 1042">
     <span class='ocr_line' id='line_1_5' title="bbox 516 943 1138 1042; baseline -0.006 -33"><span class='ocrx_word' id='word_1_33' title='bbox 516 943 626 1042; x_wconf 66' lang='lat' dir='ltr'>xXLV.</span> <span class='ocrx_word' id='word_1_34' title='bbox 650 943 836 1009; x_wconf 87' lang='lat' dir='ltr'>BELLVM</span> <span class='ocrx_word' id='word_1_35' title='bbox 851 945 1138 1009; x_wconf 83' lang='lat' dir='ltr'>PARTHIGVM.</span> 
     </span>
    </p>
   </div>
   <div class='ocr_carea' id='block_1_4' title="bbox 137 1129 1495 3633">
    <p class='ocr_par' dir='ltr' id='par_1_4' title="bbox 137 1129 1495 2898">
     <span class='ocr_line' id='line_1_6' title="bbox 137 1129 1448 1213; baseline -0.005 -15"><span class='ocrx_word' id='word_1_36' title='bbox 137 1139 243 1211; x_wconf 88' lang='lat'>111,.11</span> <span class='ocrx_word' id='word_1_37' title='bbox 260 1133 349 1196; x_wconf 89' lang='lat' dir='ltr'>Dum</span> <span class='ocrx_word' id='word_1_38' title='bbox 364 1131 476 1194; x_wconf 82' lang='lat' dir='ltr'>Gallos</span> <span class='ocrx_word' id='word_1_39' title='bbox 491 1151 547 1212; x_wconf 90' lang='lat' dir='ltr'>per</span> <span class='ocrx_word' id='word_1_40' title='bbox 563 1132 732 1195; x_wconf 83' lang='lat' dir='ltr'>Caesarem</span> <span class='ocrx_word' id='word_1_41' title='bbox 747 1129 782 1192; x_wconf 92' lang='lat' dir='ltr'>in</span> <span class='ocrx_word' id='word_1_42' title='bbox 797 1131 1014 1213; x_wconf 81' lang='lat' dir='ltr'>septentrione</span> <span class='ocrx_word' id='word_1_43' title='bbox 1030 1131 1180 1207; x_wconf 91' lang='lat' dir='ltr'>debellat,</span> <span class='ocrx_word' id='word_1_44' title='bbox 1198 1129 1266 1213; x_wconf 89' lang='lat' dir='ltr'>ipse</span> <span class='ocrx_word' id='word_1_45' title='bbox 1280 1130 1410 1194; x_wconf 84' lang='lat' dir='ltr'>interim</span> <span class='ocrx_word' id='word_1_46' title='bbox 1433 1144 1448 1191; x_wconf 84' lang='lat'>5</span> 
     </span>
     <span class='ocr_line' id='line_1_7' title="bbox 257 1235 1405 1319; baseline -0.003 -19"><span class='ocrx_word' id='word_1_47' title='bbox 257 1239 297 1300; x_wconf 91' lang='lat' dir='ltr'>ad</span> <span class='ocrx_word' id='word_1_48' title='bbox 312 1237 468 1316; x_wconf 76' lang='lat' dir='ltr'>orientem</span> <span class='ocrx_word' id='word_1_49' title='bbox 481 1256 580 1319; x_wconf 85' lang='lat' dir='ltr'>graue</span> <span class='ocrx_word' id='word_1_50' title='bbox 602 1235 719 1298; x_wconf 90' lang='lat' dir='ltr'>uolnus</span> <span class='ocrx_word' id='word_1_51' title='bbox 736 1257 755 1298; x_wconf 93' lang='lat' dir='ltr'>a</span> <span class='ocrx_word' id='word_1_52' title='bbox 777 1236 908 1300; x_wconf 90' lang='lat' dir='ltr'>Parthis</span> <span class='ocrx_word' id='word_1_53' title='bbox 928 1236 1067 1319; x_wconf 89' lang='lat' dir='ltr'>populus</span> <span class='ocrx_word' id='word_1_54' title='bbox 1083 1238 1251 1299; x_wconf 84' lang='lat' dir='ltr'>Romanus</span> <span class='ocrx_word' id='word_1_55' title='bbox 1273 1237 1405 1319; x_wconf 89' lang='lat' dir='ltr'>accepit.</span> 
     </span>
     <span class='ocr_line' id='line_1_8' title="bbox 256 1339 1411 1423; baseline -0.002 -19"><span class='ocrx_word' id='word_1_56' title='bbox 256 1365 316 1406; x_wconf 91' lang='lat' dir='ltr'>nec</span> <span class='ocrx_word' id='word_1_57' title='bbox 331 1345 371 1406; x_wconf 91' lang='lat' dir='ltr'>de</span> <span class='ocrx_word' id='word_1_58' title='bbox 385 1343 514 1404; x_wconf 89' lang='lat' dir='ltr'>fortuna</span> <span class='ocrx_word' id='word_1_59' title='bbox 530 1339 619 1423; x_wconf 89' lang='lat' dir='ltr'>queri</span> <span class='ocrx_word' id='word_1_60' title='bbox 633 1361 821 1421; x_wconf 87' lang='lat' dir='ltr'>possumus3</span> <span class='ocrx_word' id='word_1_61' title='bbox 841 1353 927 1405; x_wconf 91' lang='lat' dir='ltr'>caret</span> <span class='ocrx_word' id='word_1_62' title='bbox 942 1342 1060 1405; x_wconf 89' lang='lat' dir='ltr'>solacio</span> <span class='ocrx_word' id='word_1_63' title='bbox 1075 1343 1192 1404; x_wconf 84' lang='lat' dir='ltr'>clades.</span> <span class='ocrx_word' id='word_1_64' title='bbox 1210 1341 1361 1403; x_wconf 83' lang='lat' dir='ltr'>aduersis</span> <span class='ocrx_word' id='word_1_65' title='bbox 1377 1350 1411 1402; x_wconf 90' lang='lat' dir='ltr'>et</span> 
     </span>
     <span class='ocr_line' id='line_1_9' title="bbox 257 1434 1411 1528; baseline -0.003 -17"><span class='ocrx_word' id='word_1_66' title='bbox 257 1446 306 1512; x_wconf 93' lang='lat' dir='ltr'>dis</span> <span class='ocrx_word' id='word_1_67' title='bbox 322 1459 354 1510; x_wconf 89' lang='lat' dir='ltr'>et</span> <span class='ocrx_word' id='word_1_68' title='bbox 368 1434 552 1510; x_wconf 89' lang='lat' dir='ltr'>hominibus</span> <span class='ocrx_word' id='word_1_69' title='bbox 567 1444 726 1528; x_wconf 84' lang='lat' dir='ltr'>cupiditas</span> <span class='ocrx_word' id='word_1_70' title='bbox 741 1448 882 1510; x_wconf 90' lang='lat' dir='ltr'>consulis</span> <span class='ocrx_word' id='word_1_71' title='bbox 898 1446 1024 1522; x_wconf 82' lang='lat' dir='ltr'>Crassi,</span> <span class='ocrx_word' id='word_1_72' title='bbox 1046 1450 1124 1509; x_wconf 90' lang='lat' dir='ltr'>dum</span> <span class='ocrx_word' id='word_1_73' title='bbox 1139 1447 1291 1510; x_wconf 88' lang='lat' dir='ltr'>Parthico</span> <span class='ocrx_word' id='word_1_74' title='bbox 1305 1446 1411 1511; x_wconf 86' lang='lat' dir='ltr'>inhiat</span> 
     </span>
     <span class='ocr_line' id='line_1_10' title="bbox 258 1548 1411 1635; baseline -0.003 -19"><span class='ocrx_word' id='word_1_75' title='bbox 258 1576 354 1627; x_wconf 86' lang='lat' dir='ltr'>auro,</span> <span class='ocrx_word' id='word_1_76' title='bbox 371 1551 521 1616; x_wconf 89' lang='lat' dir='ltr'>undecim</span> <span class='ocrx_word' id='word_1_77' title='bbox 537 1561 641 1633; x_wconf 82' lang='lat' dir='ltr'>strage</span> <span class='ocrx_word' id='word_1_78' title='bbox 656 1551 822 1633; x_wconf 88' lang='lat' dir='ltr'>legionum</span> <span class='ocrx_word' id='word_1_79' title='bbox 837 1563 870 1623; x_wconf 82' lang='lat' dir='ltr'>et</span> <span class='ocrx_word' id='word_1_80' title='bbox 884 1552 986 1634; x_wconf 89' lang='lat' dir='ltr'>ipsius</span> <span class='ocrx_word' id='word_1_81' title='bbox 1008 1548 1112 1635; x_wconf 84' lang='lat' dir='ltr'>capite</span> <span class='ocrx_word' id='word_1_82' title='bbox 1133 1553 1272 1616; x_wconf 89' lang='lat' dir='ltr'>multata</span> <span class='ocrx_word' id='word_1_83' title='bbox 1294 1562 1353 1614; x_wconf 90' lang='lat' dir='ltr'>est.</span> <span class='ocrx_word' id='word_1_84' title='bbox 1379 1560 1411 1613; x_wconf 92' lang='lat' dir='ltr'>et</span> 
     </span>
     <span class='ocr_line' id='line_1_11' title="bbox 259 1643 1465 1754; baseline -0.003 -32"><span class='ocrx_word' id='word_1_85' title='bbox 259 1659 407 1722; x_wconf 90' lang='lat' dir='ltr'>tribunus</span> <span class='ocrx_word' id='word_1_86' title='bbox 423 1643 866 1754; x_wconf 60' lang='lat' dir='ltr'>plebiMatsllssexeuntem</span> <span class='ocrx_word' id='word_1_87' title='bbox 887 1659 1001 1720; x_wconf 92' lang='lat' dir='ltr'>ducem</span> <span class='ocrx_word' id='word_1_88' title='bbox 1021 1657 1193 1720; x_wconf 90' lang='lat' dir='ltr'>hostilibus</span> <span class='ocrx_word' id='word_1_89' title='bbox 1213 1658 1291 1720; x_wconf 89' lang='lat' dir='ltr'>diris</span> <span class='ocrx_word' id='word_1_90' title='bbox 1314 1660 1411 1720; x_wconf 93' lang='lat' dir='ltr'>deuo·</span> <span class='ocrx_word' id='word_1_91' title='bbox 1434 1669 1465 1719; x_wconf 87' lang='lat'>10</span> 
     </span>
     <span class='ocr_line' id='line_1_12' title="bbox 259 1755 1412 1846; baseline -0.001 -20"><span class='ocrx_word' id='word_1_92' title='bbox 259 1775 369 1838; x_wconf 90' lang='lat' dir='ltr'>uerat,</span> <span class='ocrx_word' id='word_1_93' title='bbox 395 1755 516 1826; x_wconf 85' lang='lat' dir='ltr'>etcum</span> <span class='ocrx_word' id='word_1_94' title='bbox 531 1764 677 1844; x_wconf 86' lang='lat' dir='ltr'>Zeugma</span> <span class='ocrx_word' id='word_1_95' title='bbox 698 1761 865 1826; x_wconf 84' lang='lat' dir='ltr'>transisset</span> <span class='ocrx_word' id='word_1_96' title='bbox 880 1764 1058 1839; x_wconf 86' lang='lat' dir='ltr'>exercitus,</span> <span class='ocrx_word' id='word_1_97' title='bbox 1082 1775 1174 1846; x_wconf 88' lang='lat' dir='ltr'>rapta</span> <span class='ocrx_word' id='word_1_98' title='bbox 1189 1764 1303 1826; x_wconf 87' lang='lat' dir='ltr'>subitis</span> <span class='ocrx_word' id='word_1_99' title='bbox 1319 1763 1412 1846; x_wconf 85' lang='lat' dir='ltr'>signa</span> 
     </span>
     <span class='ocr_line' id='line_1_13' title="bbox 260 1868 1414 1952; baseline -0.002 -20"><span class='ocrx_word' id='word_1_100' title='bbox 260 1869 442 1932; x_wconf 88' lang='lat' dir='ltr'>turbinibus</span> <span class='ocrx_word' id='word_1_101' title='bbox 458 1868 568 1930; x_wconf 86' lang='lat' dir='ltr'>hausit</span> <span class='ocrx_word' id='word_1_102' title='bbox 583 1868 782 1950; x_wconf 88' lang='lat' dir='ltr'>Euphrates,</span> <span class='ocrx_word' id='word_1_103' title='bbox 805 1879 934 1932; x_wconf 91' lang='lat' dir='ltr'>etcum</span> <span class='ocrx_word' id='word_1_104' title='bbox 956 1879 1034 1951; x_wconf 91' lang='lat' dir='ltr'>aput</span> <span class='ocrx_word' id='word_1_105' title='bbox 1056 1869 1288 1952; x_wconf 85' lang='lat' dir='ltr'>Nicephorium</span> <span class='ocrx_word' id='word_1_106' title='bbox 1310 1879 1414 1931; x_wconf 88' lang='lat' dir='ltr'>castra</span> 
     </span>
     <span class='ocr_line' id='line_1_14' title="bbox 259 1962 1414 2058; baseline -0.001 -21"><span class='ocrx_word' id='word_1_107' title='bbox 259 1974 438 2058; x_wconf 89' lang='lat' dir='ltr'>posuisset,</span> <span class='ocrx_word' id='word_1_108' title='bbox 454 1973 545 2036; x_wconf 89' lang='lat' dir='ltr'>missi</span> <span class='ocrx_word' id='word_1_109' title='bbox 560 1975 600 2036; x_wconf 92' lang='lat' dir='ltr'>ab</span> <span class='ocrx_word' id='word_1_110' title='bbox 616 1974 746 2036; x_wconf 90' lang='lat' dir='ltr'>Herode</span> <span class='ocrx_word' id='word_1_111' title='bbox 762 1995 836 2056; x_wconf 89' lang='lat' dir='ltr'>rege</span> <span class='ocrx_word' id='word_1_112' title='bbox 850 1974 949 2056; x_wconf 85' lang='lat' dir='ltr'>legati</span> <span class='ocrx_word' id='word_1_113' title='bbox 964 1962 1175 2050; x_wconf 88' lang='lat' dir='ltr'>nuntiauere,</span> <span class='ocrx_word' id='word_1_114' title='bbox 1192 1995 1414 2057; x_wconf 87' lang='lat' dir='ltr'>percussorum</span> 
     </span>
     <span class='ocr_line' id='line_1_15' title="bbox 261 2067 1414 2161; baseline -0.002 -17"><span class='ocrx_word' id='word_1_115' title='bbox 261 2103 336 2144; x_wconf 91' lang='lat' dir='ltr'>cum</span> <span class='ocrx_word' id='word_1_116' title='bbox 352 2078 504 2159; x_wconf 92' lang='lat' dir='ltr'>Pompeio</span> <span class='ocrx_word' id='word_1_117' title='bbox 519 2078 684 2140; x_wconf 85' lang='lat' dir='ltr'>foederum</span> <span class='ocrx_word' id='word_1_118' title='bbox 699 2078 854 2160; x_wconf 87' lang='lat' dir='ltr'>Sullaque</span> <span class='ocrx_word' id='word_1_119' title='bbox 869 2079 1079 2142; x_wconf 89' lang='lat' dir='ltr'>meminisset.</span> <span class='ocrx_word' id='word_1_120' title='bbox 1103 2079 1199 2161; x_wconf 88' lang='lat' dir='ltr'>regiis</span> <span class='ocrx_word' id='word_1_121' title='bbox 1214 2067 1343 2142; x_wconf 85' lang='lat' dir='ltr'>inhians</span> <span class='ocrx_word' id='word_1_122' title='bbox 1358 2079 1414 2142; x_wconf 92' lang='lat' dir='ltr'>ille</span> 
     </span>
     <span class='ocr_line' id='line_1_16' title="bbox 262 2175 1495 2264; baseline -0.002 -16"><span class='ocrx_word' id='word_1_123' title='bbox 262 2182 461 2256; x_wconf 85' lang='lat' dir='ltr'>thensauris,</span> <span class='ocrx_word' id='word_1_124' title='bbox 489 2181 572 2244; x_wconf 90' lang='lat' dir='ltr'>nihil</span> <span class='ocrx_word' id='word_1_125' title='bbox 593 2203 634 2244; x_wconf 90' lang='lat' dir='ltr'>ne</span> <span class='ocrx_word' id='word_1_126' title='bbox 656 2182 846 2264; x_wconf 85' lang='lat' dir='ltr'>imaginario</span> <span class='ocrx_word' id='word_1_127' title='bbox 868 2184 997 2264; x_wconf 92' lang='lat' dir='ltr'>quidem</span> <span class='ocrx_word' id='word_1_128' title='bbox 1018 2184 1107 2260; x_wconf 90' lang='lat' dir='ltr'>iure,</span> <span class='ocrx_word' id='word_1_129' title='bbox 1135 2195 1183 2247; x_wconf 91' lang='lat' dir='ltr'>set</span> <span class='ocrx_word' id='word_1_130' title='bbox 1199 2185 1365 2248; x_wconf 86' lang='lat' dir='ltr'>Seleuciae</span> <span class='ocrx_word' id='word_1_131' title='bbox 1380 2207 1414 2247; x_wconf 91' lang='lat' dir='ltr'>se</span> <span class='ocrx_word' id='word_1_132' title='bbox 1436 2196 1468 2246; x_wconf 86' lang='lat'>15</span> <span class='ocrx_word' id='word_1_133' title='bbox 1488 2175 1495 2182; x_wconf 49' lang='lat'><em>⁶</em></span> 
     </span>
     <span class='ocr_line' id='line_1_17' title="bbox 261 2287 1413 2371; baseline 0.001 -20"><span class='ocrx_word' id='word_1_134' title='bbox 261 2308 489 2371; x_wconf 87' lang='lat' dir='ltr'>responsurum</span> <span class='ocrx_word' id='word_1_135' title='bbox 504 2308 572 2350; x_wconf 92' lang='lat' dir='ltr'>esse</span> <span class='ocrx_word' id='word_1_136' title='bbox 587 2287 761 2369; x_wconf 90' lang='lat' dir='ltr'>respondit.</span> <span class='ocrx_word' id='word_1_137' title='bbox 786 2287 896 2369; x_wconf 91' lang='lat' dir='ltr'>itaque</span> <span class='ocrx_word' id='word_1_138' title='bbox 911 2287 957 2350; x_wconf 92' lang='lat' dir='ltr'>dii</span> <span class='ocrx_word' id='word_1_139' title='bbox 978 2289 1143 2352; x_wconf 87' lang='lat' dir='ltr'>foederum</span> <span class='ocrx_word' id='word_1_140' title='bbox 1156 2291 1276 2352; x_wconf 88' lang='lat' dir='ltr'>ultores</span> <span class='ocrx_word' id='word_1_141' title='bbox 1291 2312 1351 2352; x_wconf 90' lang='lat' dir='ltr'>nec</span> <span class='ocrx_word' id='word_1_142' title='bbox 1365 2290 1413 2352; x_wconf 89' lang='lat' dir='ltr'>in-</span> 
     </span>
     <span class='ocr_line' id='line_1_18' title="bbox 263 2388 1415 2477; baseline -0.001 -20"><span class='ocrx_word' id='word_1_143' title='bbox 263 2393 352 2458; x_wconf 89' lang='lat' dir='ltr'>sidiis</span> <span class='ocrx_word' id='word_1_144' title='bbox 367 2415 427 2456; x_wconf 92' lang='lat' dir='ltr'>nec</span> <span class='ocrx_word' id='word_1_145' title='bbox 441 2391 558 2455; x_wconf 92' lang='lat' dir='ltr'>uirtuti</span> <span class='ocrx_word' id='word_1_146' title='bbox 572 2392 714 2456; x_wconf 90' lang='lat' dir='ltr'>hostium</span> <span class='ocrx_word' id='word_1_147' title='bbox 730 2394 913 2456; x_wconf 85' lang='lat' dir='ltr'>defuenmt.</span> <span class='ocrx_word' id='word_1_148' title='bbox 938 2393 1004 2456; x_wconf 89' lang='lat' dir='ltr'>iam</span> <span class='ocrx_word' id='word_1_149' title='bbox 1021 2388 1179 2476; x_wconf 82' lang='lat' dir='ltr'>prim&#39;um,</span> <span class='ocrx_word' id='word_1_150' title='bbox 1202 2395 1259 2477; x_wconf 91' lang='lat' dir='ltr'>qui</span> <span class='ocrx_word' id='word_1_151' title='bbox 1278 2394 1366 2457; x_wconf 89' lang='lat' dir='ltr'>solus</span> <span class='ocrx_word' id='word_1_152' title='bbox 1382 2405 1415 2457; x_wconf 90' lang='lat' dir='ltr'>et</span> 
     </span>
     <span class='ocr_line' id='line_1_19' title="bbox 264 2493 1414 2583; baseline -0.001 -20"><span class='ocrx_word' id='word_1_153' title='bbox 264 2499 441 2564; x_wconf 86' lang='lat' dir='ltr'>subuehere</span> <span class='ocrx_word' id='word_1_154' title='bbox 461 2493 657 2562; x_wconf 77' lang='lat' dir='ltr'>&#39;commeatus</span> <span class='ocrx_word' id='word_1_155' title='bbox 680 2508 712 2561; x_wconf 89' lang='lat' dir='ltr'>et</span> <span class='ocrx_word' id='word_1_156' title='bbox 731 2498 858 2561; x_wconf 82' lang='lat' dir='ltr'>munire</span> <span class='ocrx_word' id='word_1_157' title='bbox 879 2508 1004 2580; x_wconf 86' lang='lat' dir='ltr'>poterat</span> <span class='ocrx_word' id='word_1_158' title='bbox 1026 2522 1045 2562; x_wconf 91' lang='lat' dir='ltr'>a</span> <span class='ocrx_word' id='word_1_159' title='bbox 1065 2511 1172 2583; x_wconf 86' lang='lat' dir='ltr'>tergo,</span> <span class='ocrx_word' id='word_1_160' title='bbox 1195 2500 1326 2563; x_wconf 89' lang='lat' dir='ltr'>relictus</span> <span class='ocrx_word' id='word_1_161' title='bbox 1348 2501 1414 2564; x_wconf 88' lang='lat' dir='ltr'>Eu·</span> 
     </span>
     <span class='ocr_line' id='line_1_20' title="bbox 263 2601 1414 2689; baseline -0.002 -21"><span class='ocrx_word' id='word_1_162' title='bbox 263 2604 405 2686; x_wconf 90' lang='lat' dir='ltr'>phrates,</span> <span class='ocrx_word' id='word_1_163' title='bbox 422 2605 501 2666; x_wconf 91' lang='lat' dir='ltr'>dum</span> <span class='ocrx_word' id='word_1_164' title='bbox 512 2603 663 2668; x_wconf 89' lang='lat' dir='ltr'>simulato</span> <span class='ocrx_word' id='word_1_165' title='bbox 676 2605 860 2687; x_wconf 80' lang='lat' dir='ltr'>transfugae</span> <span class='ocrx_word' id='word_1_166' title='bbox 872 2601 1001 2666; x_wconf 90' lang='lat' dir='ltr'>cuidam</span> <span class='ocrx_word' id='word_1_167' title='bbox 1012 2605 1159 2668; x_wconf 77' lang='lat' dir='ltr'>Mazarae</span> <span class='ocrx_word' id='word_1_168' title='bbox 1171 2606 1252 2689; x_wconf 89' lang='lat' dir='ltr'>Syro</span> <span class='ocrx_word' id='word_1_169' title='bbox 1262 2606 1414 2670; x_wconf 82' lang='lat' dir='ltr'>creditur.</span> 
     </span>
     <span class='ocr_line' id='line_1_21' title="bbox 264 2709 1470 2792; baseline 0 -21"><span class='ocrx_word' id='word_1_170' title='bbox 264 2719 335 2771; x_wconf 91' lang='lat' dir='ltr'>tum</span> <span class='ocrx_word' id='word_1_171' title='bbox 349 2709 385 2772; x_wconf 90' lang='lat' dir='ltr'>in</span> <span class='ocrx_word' id='word_1_172' title='bbox 398 2710 537 2772; x_wconf 87' lang='lat' dir='ltr'>mediam</span> <span class='ocrx_word' id='word_1_173' title='bbox 551 2731 738 2792; x_wconf 91' lang='lat' dir='ltr'>camporum</span> <span class='ocrx_word' id='word_1_174' title='bbox 753 2711 940 2774; x_wconf 90' lang='lat' dir='ltr'>uastitatem</span> <span class='ocrx_word' id='word_1_175' title='bbox 961 2712 1074 2774; x_wconf 90' lang='lat' dir='ltr'>eodem</span> <span class='ocrx_word' id='word_1_176' title='bbox 1094 2713 1176 2774; x_wconf 90' lang='lat' dir='ltr'>duce</span> <span class='ocrx_word' id='word_1_177' title='bbox 1196 2713 1313 2777; x_wconf 91' lang='lat' dir='ltr'>ductus</span> <span class='ocrx_word' id='word_1_178' title='bbox 1328 2733 1416 2774; x_wconf 83' lang='lat' dir='ltr'>exer·</span> <span class='ocrx_word' id='word_1_179' title='bbox 1436 2722 1470 2771; x_wconf 83' lang='lat'>20</span> 
     </span>
     <span class='ocr_line' id='line_1_22' title="bbox 264 2811 1417 2898; baseline 0.003 -22"><span class='ocrx_word' id='word_1_180' title='bbox 264 2813 365 2888; x_wconf 88' lang='lat' dir='ltr'>citus,</span> <span class='ocrx_word' id='word_1_181' title='bbox 394 2824 432 2875; x_wconf 94' lang='lat' dir='ltr'>ut</span> <span class='ocrx_word' id='word_1_182' title='bbox 459 2814 602 2896; x_wconf 89' lang='lat' dir='ltr'>undique</span> <span class='ocrx_word' id='word_1_183' title='bbox 624 2811 711 2876; x_wconf 89' lang='lat' dir='ltr'>hosti</span> <span class='ocrx_word' id='word_1_184' title='bbox 731 2826 955 2898; x_wconf 84' lang='lat' dir='ltr'>exponeretur.</span> <span class='ocrx_word' id='word_1_185' title='bbox 984 2816 1094 2897; x_wconf 89' lang='lat' dir='ltr'>itaque</span> <span class='ocrx_word' id='word_1_186' title='bbox 1121 2817 1257 2880; x_wconf 82' lang='lat' dir='ltr'>uixdum</span> <span class='ocrx_word' id='word_1_187' title='bbox 1283 2826 1417 2879; x_wconf 89' lang='lat' dir='ltr'>uenerat</span> 
     </span>
    </p>

    <p class='ocr_par' dir='ltr' id='par_1_5' title="bbox 150 2917 1419 3210">
     <span class='ocr_line' id='line_1_23' title="bbox 150 2917 1416 3003; baseline 0 -21"><span class='ocrx_word' id='word_1_188' title='bbox 150 2995 152 2999; x_wconf 66' lang='lat'>,</span> <span class='ocrx_word' id='word_1_189' title='bbox 265 2917 415 2992; x_wconf 82' lang='lat' dir='ltr'>Carrhas,</span> <span class='ocrx_word' id='word_1_190' title='bbox 432 2939 506 2980; x_wconf 87' lang='lat' dir='ltr'>cum</span> <span class='ocrx_word' id='word_1_191' title='bbox 521 2919 664 3000; x_wconf 89' lang='lat' dir='ltr'>undique</span> <span class='ocrx_word' id='word_1_192' title='bbox 684 2919 838 3002; x_wconf 89' lang='lat' dir='ltr'>praefecti</span> <span class='ocrx_word' id='word_1_193' title='bbox 857 2921 940 3003; x_wconf 81' lang='lat' dir='ltr'>regis</span> <span class='ocrx_word' id='word_1_194' title='bbox 964 2920 1084 2983; x_wconf 85' lang='lat' dir='ltr'>Silaces</span> <span class='ocrx_word' id='word_1_195' title='bbox 1106 2930 1137 2983; x_wconf 91' lang='lat' dir='ltr'>et</span> <span class='ocrx_word' id='word_1_196' title='bbox 1159 2921 1288 2984; x_wconf 86' lang='lat' dir='ltr'>Sirenas</span> <span class='ocrx_word' id='word_1_197' title='bbox 1311 2932 1416 2984; x_wconf 90' lang='lat' dir='ltr'>osten·</span> 
     </span>
     <span class='ocr_line' id='line_1_24' title="bbox 265 3008 1419 3105; baseline -0.001 -18"><span class='ocrx_word' id='word_1_198' title='bbox 265 3025 339 3087; x_wconf 87' lang='lat' dir='ltr'>dere</span> <span class='ocrx_word' id='word_1_199' title='bbox 365 3022 457 3105; x_wconf 86' lang='lat' dir='ltr'>signa</span> <span class='ocrx_word' id='word_1_200' title='bbox 483 3045 559 3086; x_wconf 87' lang='lat' dir='ltr'>auro</span> <span class='ocrx_word' id='word_1_201' title='bbox 586 3023 758 3104; x_wconf 86' lang='lat' dir='ltr'>sericisque</span> <span class='ocrx_word' id='word_1_202' title='bbox 782 3023 912 3085; x_wconf 85' lang='lat' dir='ltr'>uexillis</span> <span class='ocrx_word' id='word_1_203' title='bbox 933 3023 1106 3086; x_wconf 87' lang='lat' dir='ltr'>uibrantia.</span> <span class='ocrx_word' id='word_1_204' title='bbox 1139 3035 1218 3088; x_wconf 91' lang='lat' dir='ltr'>tunc</span> <span class='ocrx_word' id='word_1_205' title='bbox 1238 3008 1313 3088; x_wconf 84' lang='lat' dir='ltr'>sine</span> <span class='ocrx_word' id='word_1_206' title='bbox 1329 3045 1419 3086; x_wconf 89' lang='lat' dir='ltr'>mora</span> 
     </span>
     <span class='ocr_line' id='line_1_25' title="bbox 246 3127 1417 3210; baseline 0.001 -19"><span class='ocrx_word' id='word_1_207' title='bbox 246 3132 249 3138; x_wconf 83' lang='lat'>&#39;</span> <span class='ocrx_word' id='word_1_208' title='bbox 265 3127 450 3192; x_wconf 84' lang='lat' dir='ltr'>circumfirsi</span> <span class='ocrx_word' id='word_1_209' title='bbox 463 3128 606 3210; x_wconf 91' lang='lat' dir='ltr'>undique</span> <span class='ocrx_word' id='word_1_210' title='bbox 621 3127 783 3210; x_wconf 88' lang='lat' dir='ltr'>equitatus</span> <span class='ocrx_word' id='word_1_211' title='bbox 797 3127 835 3189; x_wconf 91' lang='lat' dir='ltr'>in</span> <span class='ocrx_word' id='word_1_212' title='bbox 848 3128 981 3190; x_wconf 93' lang='lat' dir='ltr'>modum</span> <span class='ocrx_word' id='word_1_213' title='bbox 995 3128 1162 3209; x_wconf 84' lang='lat' dir='ltr'>grandinis</span> <span class='ocrx_word' id='word_1_214' title='bbox 1183 3139 1279 3210; x_wconf 89' lang='lat' dir='ltr'>atque</span> <span class='ocrx_word' id='word_1_215' title='bbox 1293 3128 1417 3191; x_wconf 91' lang='lat' dir='ltr'>nimbo-</span> 
     </span>
    </p>

    <p class='ocr_par' dir='ltr' id='par_1_6' title="bbox 149 3224 1473 3633">
     <span class='ocr_line' id='line_1_26' title="bbox 149 3224 1473 3316; baseline -0.005 -14"><span class='ocrx_word' id='word_1_216' title='bbox 149 3295 152 3302; x_wconf 91' lang='lat'>.</span> <span class='ocrx_word' id='word_1_217' title='bbox 266 3255 338 3297; x_wconf 91' lang='lat' dir='ltr'>rum</span> <span class='ocrx_word' id='word_1_218' title='bbox 358 3235 458 3297; x_wconf 89' lang='lat' dir='ltr'>densa</span> <span class='ocrx_word' id='word_1_219' title='bbox 477 3233 595 3315; x_wconf 89' lang='lat' dir='ltr'>pariter</span> <span class='ocrx_word' id='word_1_220' title='bbox 616 3234 681 3297; x_wconf 91' lang='lat' dir='ltr'>tela</span> <span class='ocrx_word' id='word_1_221' title='bbox 701 3233 865 3296; x_wconf 90' lang='lat' dir='ltr'>fuderunt.</span> <span class='ocrx_word' id='word_1_222' title='bbox 901 3232 947 3294; x_wconf 91' lang='lat' dir='ltr'>sic</span> <span class='ocrx_word' id='word_1_223' title='bbox 967 3224 1144 3296; x_wconf 86' lang='lat' dir='ltr'>miserabili</span> <span class='ocrx_word' id='word_1_224' title='bbox 1165 3246 1271 3316; x_wconf 84' lang='lat' dir='ltr'>strage</span> <span class='ocrx_word' id='word_1_225' title='bbox 1293 3235 1418 3298; x_wconf 89' lang='lat' dir='ltr'>deletus</span> <span class='ocrx_word' id='word_1_226' title='bbox 1434 3247 1473 3310; x_wconf 75' lang='lat'>25</span> 
     </span>
     <span class='ocr_line' id='line_1_27' title="bbox 266 3321 1420 3421; baseline 0.001 -20"><span class='ocrx_word' id='word_1_227' title='bbox 266 3337 437 3402; x_wconf 88' lang='lat' dir='ltr'>exercitus.</span> <span class='ocrx_word' id='word_1_228' title='bbox 475 3337 543 3420; x_wconf 86' lang='lat' dir='ltr'>ipse</span> <span class='ocrx_word' id='word_1_229' title='bbox 569 3339 604 3400; x_wconf 89' lang='lat' dir='ltr'>in</span> <span class='ocrx_word' id='word_1_230' title='bbox 630 3337 837 3420; x_wconf 89' lang='lat' dir='ltr'>conloquium</span> <span class='ocrx_word' id='word_1_231' title='bbox 863 3336 1074 3414; x_wconf 90' lang='lat' dir='ltr'>sollicitatus,</span> <span class='ocrx_word' id='word_1_232' title='bbox 1102 3337 1195 3421; x_wconf 82' lang='lat' dir='ltr'>signo</span> <span class='ocrx_word' id='word_1_233' title='bbox 1220 3321 1295 3402; x_wconf 83' lang='lat' dir='ltr'>dato</span> <span class='ocrx_word' id='word_1_234' title='bbox 1322 3339 1420 3403; x_wconf 91' lang='lat' dir='ltr'>uiuus</span> 
     </span>
     <span class='ocr_line' id='line_1_28' title="bbox 266 3443 1420 3527; baseline 0.003 -21"><span class='ocrx_word' id='word_1_235' title='bbox 266 3444 409 3507; x_wconf 90' lang='lat' dir='ltr'>hostium</span> <span class='ocrx_word' id='word_1_236' title='bbox 419 3465 535 3507; x_wconf 90' lang='lat' dir='ltr'>manus</span> <span class='ocrx_word' id='word_1_237' title='bbox 547 3444 724 3519; x_wconf 85' lang='lat' dir='ltr'>incidisset,</span> <span class='ocrx_word' id='word_1_238' title='bbox 738 3443 801 3506; x_wconf 87' lang='lat' dir='ltr'>nisi</span> <span class='ocrx_word' id='word_1_239' title='bbox 814 3443 951 3506; x_wconf 90' lang='lat' dir='ltr'>tribunis</span> <span class='ocrx_word' id='word_1_240' title='bbox 962 3443 1195 3507; x_wconf 85' lang='lat' dir='ltr'>reluctantibus</span> <span class='ocrx_word' id='word_1_241' title='bbox 1207 3444 1318 3527; x_wconf 87' lang='lat' dir='ltr'>fugam</span> <span class='ocrx_word' id='word_1_242' title='bbox 1329 3446 1420 3509; x_wconf 91' lang='lat' dir='ltr'>ducis</span> 
     </span>
     <span class='ocr_line' id='line_1_29' title="bbox 265 3547 1420 3633; baseline 0.003 -22"><span class='ocrx_word' id='word_1_243' title='bbox 265 3548 392 3613; x_wconf 89' lang='lat' dir='ltr'>barbari</span> <span class='ocrx_word' id='word_1_244' title='bbox 398 3547 480 3612; x_wconf 86' lang='lat' dir='ltr'>ferro</span> <span class='ocrx_word' id='word_1_245' title='bbox 495 3559 715 3632; x_wconf 90' lang='lat' dir='ltr'>occupassent.</span> <span class='ocrx_word' id='word_1_246' title='bbox 737 3548 794 3633; x_wconf 90' lang='lat' dir='ltr'>[sic</span> <span class='ocrx_word' id='word_1_247' title='bbox 810 3570 936 3631; x_wconf 91' lang='lat' dir='ltr'>quoque</span> <span class='ocrx_word' id='word_1_248' title='bbox 948 3549 1085 3613; x_wconf 88' lang='lat' dir='ltr'>relatum</span> <span class='ocrx_word' id='word_1_249' title='bbox 1092 3560 1188 3632; x_wconf 88' lang='lat' dir='ltr'>caput</span> <span class='ocrx_word' id='word_1_250' title='bbox 1199 3550 1340 3615; x_wconf 89' lang='lat' dir='ltr'>ludibrio</span> <span class='ocrx_word' id='word_1_251' title='bbox 1348 3550 1420 3614; x_wconf 91' lang='lat' dir='ltr'>hos-</span> 
     </span>
    </p>
   </div>
   <div class='ocr_carea' id='block_1_5' title="bbox 267 3804 1426 4299">
    <p class='ocr_par' dir='ltr' id='par_1_7' title="bbox 267 3804 1426 4299">
     <span class='ocr_line' id='line_1_30' title="bbox 270 3804 1421 3876; baseline -0.001 -20"><span class='ocrx_word' id='word_1_252' title='bbox 270 3808 280 3856; x_wconf 96' lang='grc'>1</span> <span class='ocrx_word' id='word_1_253' title='bbox 297 3823 358 3858; x_wconf 90' lang='lat' dir='ltr'>eum</span> <span class='ocrx_word' id='word_1_254' title='bbox 365 3827 407 3855; x_wconf 70' lang='lat' dir='ltr'>ss·</span> <span class='ocrx_word' id='word_1_255' title='bbox 421 3804 509 3874; x_wconf 81' lang='lat' dir='ltr'>(extra</span> <span class='ocrx_word' id='word_1_256' title='bbox 521 3806 536 3856; x_wconf 98' lang='grc'>2</span> <span class='ocrx_word' id='word_1_257' title='bbox 549 3805 640 3874; x_wconf 81' lang='lat' dir='ltr'>manc)</span> <span class='ocrx_word' id='word_1_258' title='bbox 654 3805 803 3858; x_wconf 82' lang='lat' dir='ltr'>uenissetB</span> <span class='ocrx_word' id='word_1_259' title='bbox 817 3806 825 3876; x_wconf 96' lang='grc'>11</span> <span class='ocrx_word' id='word_1_260' title='bbox 839 3805 960 3858; x_wconf 89' lang='lat' dir='ltr'>uenisset</span> <span class='ocrx_word' id='word_1_261' title='bbox 972 3823 1033 3859; x_wconf 90' lang='lat' dir='ltr'>eum</span> <span class='ocrx_word' id='word_1_262' title='bbox 1046 3813 1075 3859; x_wconf 90' lang='lat' dir='ltr'>et</span> <span class='ocrx_word' id='word_1_263' title='bbox 1090 3807 1187 3860; x_wconf 82' lang='lat' dir='ltr'>faleras</span> <span class='ocrx_word' id='word_1_264' title='bbox 1203 3806 1248 3875; x_wconf 91' lang='grc' dir='ltr'>Ν1</span> <span class='ocrx_word' id='word_1_265' title='bbox 1262 3809 1277 3858; x_wconf 86' lang='grc'>2</span> <span class='ocrx_word' id='word_1_266' title='bbox 1289 3804 1359 3856; x_wconf 89' lang='lat' dir='ltr'>habe</span> <span class='ocrx_word' id='word_1_267' title='bbox 1371 3804 1421 3856; x_wconf 84' lang='lat' dir='ltr'>Pe·</span> 
     </span>
     <span class='ocr_line' id='line_1_31' title="bbox 270 3887 1423 3961; baseline -0.003 -19"><span class='ocrx_word' id='word_1_268' title='bbox 270 3890 378 3942; x_wconf 66' lang='lat' dir='ltr'>barcho</span> <span class='ocrx_word' id='word_1_269' title='bbox 390 3888 502 3942; x_wconf 64' lang='lat' dir='ltr'>lubria</span> <span class='ocrx_word' id='word_1_270' title='bbox 513 3888 584 3941; x_wconf 76' lang='lat' dir='ltr'>Iulii</span> <span class='ocrx_word' id='word_1_271' title='bbox 597 3889 719 3942; x_wconf 79' lang='lat' dir='ltr'>Caesaris</span> <span class='ocrx_word' id='word_1_272' title='bbox 734 3893 774 3954; x_wconf 89' lang='lat'>18,</span> <span class='ocrx_word' id='word_1_273' title='bbox 785 3894 833 3944; x_wconf 69' lang='lat'>522</span> <span class='ocrx_word' id='word_1_274' title='bbox 847 3891 931 3944; x_wconf 85' lang='lat' dir='ltr'>habes</span> <span class='ocrx_word' id='word_1_275' title='bbox 942 3891 1006 3961; x_wconf 78' lang='grc' dir='ltr'>ΒΝ1</span> <span class='ocrx_word' id='word_1_276' title='bbox 1019 3895 1035 3943; x_wconf 83' lang='grc'>4</span> <span class='ocrx_word' id='word_1_277' title='bbox 1047 3904 1117 3944; x_wconf 81' lang='lat' dir='ltr'>xJNI</span> <span class='ocrx_word' id='word_1_278' title='bbox 1128 3904 1149 3944; x_wconf 78' lang='lat' dir='ltr'><em>B</em></span> <span class='ocrx_word' id='word_1_279' title='bbox 1161 3891 1170 3960; x_wconf 93' lang='grc'>1</span> <span class='ocrx_word' id='word_1_280' title='bbox 1183 3895 1198 3942; x_wconf 81' lang='lat'>5</span> <span class='ocrx_word' id='word_1_281' title='bbox 1212 3887 1423 3959; x_wconf 89' lang='lat' dir='ltr'>septentrionem</span> 
     </span>
     <span class='ocr_line' id='line_1_32' title="bbox 267 3969 1419 4047; baseline -0.001 -21"><span class='ocrx_word' id='word_1_282' title='bbox 267 3987 292 4026; x_wconf 93' lang='lat' dir='ltr'><em>N</em></span> <span class='ocrx_word' id='word_1_283' title='bbox 303 3974 312 4042; x_wconf 95' lang='grc'>11</span> <span class='ocrx_word' id='word_1_284' title='bbox 326 3977 341 4034; x_wconf 72' lang='lat' dir='ltr'>t</span> <span class='ocrx_word' id='word_1_285' title='bbox 354 3969 456 4028; x_wconf 81' lang='lat' dir='ltr'>uulnus</span> <span class='ocrx_word' id='word_1_286' title='bbox 467 3985 487 4026; x_wconf 78' lang='lat' dir='ltr'><em>B</em></span> <span class='ocrx_word' id='word_1_287' title='bbox 499 3972 508 4042; x_wconf 96' lang='grc'>11</span> <span class='ocrx_word' id='word_1_288' title='bbox 522 3991 537 4025; x_wconf 88' lang='lat' dir='ltr'>a</span> <span class='ocrx_word' id='word_1_289' title='bbox 549 3973 653 4041; x_wconf 88' lang='lat' dir='ltr'>phartis</span> <span class='ocrx_word' id='word_1_290' title='bbox 663 3987 689 4026; x_wconf 96' lang='lat' dir='ltr'><em>N</em></span> <span class='ocrx_word' id='word_1_291' title='bbox 699 3976 708 4045; x_wconf 90' lang='grc'>1</span> <span class='ocrx_word' id='word_1_292' title='bbox 722 3979 737 4028; x_wconf 87' lang='lat'>8</span> <span class='ocrx_word' id='word_1_293' title='bbox 750 3976 803 4028; x_wconf 88' lang='lat' dir='ltr'>diis</span> <span class='ocrx_word' id='word_1_294' title='bbox 814 3989 834 4028; x_wconf 80' lang='grc' dir='ltr'><strong><em>Β</em></strong></span> <span class='ocrx_word' id='word_1_295' title='bbox 846 3976 856 4045; x_wconf 89' lang='grc'>1</span> <span class='ocrx_word' id='word_1_296' title='bbox 872 3979 902 4029; x_wconf 85' lang='lat' dir='ltr'>lo</span> <span class='ocrx_word' id='word_1_297' title='bbox 916 3977 1003 4045; x_wconf 89' lang='lat' dir='ltr'>plebis</span> <span class='ocrx_word' id='word_1_298' title='bbox 1015 3989 1040 4029; x_wconf 91' lang='lat' dir='ltr'><em>N</em></span> <span class='ocrx_word' id='word_1_299' title='bbox 1055 3977 1064 4047; x_wconf 94' lang='grc'>11</span> <span class='ocrx_word' id='word_1_300' title='bbox 1078 3974 1175 4028; x_wconf 85' lang='lat' dir='ltr'>Ateius</span> <span class='ocrx_word' id='word_1_301' title='bbox 1191 3972 1390 4026; x_wconf 74' lang='lat' dir='ltr'>Freinshemius</span> <span class='ocrx_word' id='word_1_302' title='bbox 1409 3973 1419 4042; x_wconf 95' lang='grc'>11</span> 
     </span>
     <span class='ocr_line' id='line_1_33' title="bbox 269 4057 1423 4131; baseline -0.001 -19"><span class='ocrx_word' id='word_1_303' title='bbox 269 4064 414 4112; x_wconf 86' lang='lat' dir='ltr'>exuentem</span> <span class='ocrx_word' id='word_1_304' title='bbox 425 4071 444 4111; x_wconf 80' lang='lat' dir='ltr'><em>B</em></span> <span class='ocrx_word' id='word_1_305' title='bbox 457 4057 466 4128; x_wconf 92' lang='grc'>1</span> <span class='ocrx_word' id='word_1_306' title='bbox 479 4057 604 4112; x_wconf 89' lang='lat' dir='ltr'>hostibus</span> <span class='ocrx_word' id='word_1_307' title='bbox 615 4071 634 4110; x_wconf 79' lang='lat' dir='ltr'><em>B</em></span> <span class='ocrx_word' id='word_1_308' title='bbox 648 4059 656 4129; x_wconf 94' lang='grc'>1</span> <span class='ocrx_word' id='word_1_309' title='bbox 673 4061 703 4112; x_wconf 86' lang='grc'>12</span> <span class='ocrx_word' id='word_1_310' title='bbox 715 4060 833 4114; x_wconf 85' lang='lat' dir='ltr'>eufrates</span> <span class='ocrx_word' id='word_1_311' title='bbox 843 4073 869 4114; x_wconf 92' lang='grc' dir='ltr'><em>Ν</em></span> <span class='ocrx_word' id='word_1_312' title='bbox 879 4061 888 4130; x_wconf 95' lang='grc'>1</span> <span class='ocrx_word' id='word_1_313' title='bbox 900 4061 1096 4131; x_wconf 85' lang='lat' dir='ltr'>Nicephorium</span> <span class='ocrx_word' id='word_1_314' title='bbox 1108 4058 1234 4113; x_wconf 76' lang='lat' dir='ltr'>Vinctus.-</span> <span class='ocrx_word' id='word_1_315' title='bbox 1246 4057 1423 4126; x_wconf 87' lang='lat' dir='ltr'>nicephorum</span> 
     </span>
     <span class='ocr_line' id='line_1_34' title="bbox 269 4129 1424 4217; baseline -0.002 -21"><span class='ocrx_word' id='word_1_316' title='bbox 269 4155 313 4196; x_wconf 76' lang='grc' dir='ltr'>ΒΝ</span> <span class='ocrx_word' id='word_1_317' title='bbox 324 4142 332 4212; x_wconf 93' lang='grc'>11</span> <span class='ocrx_word' id='word_1_318' title='bbox 349 4145 379 4193; x_wconf 88' lang='grc'>13</span> <span class='ocrx_word' id='word_1_319' title='bbox 393 4143 475 4200; x_wconf 83' lang='lat' dir='ltr'>orode</span> <span class='ocrx_word' id='word_1_320' title='bbox 492 4154 518 4196; x_wconf 90' lang='grc' dir='ltr'><em>Ν</em></span> <span class='ocrx_word' id='word_1_321' title='bbox 529 4142 538 4214; x_wconf 94' lang='grc'>11</span> <span class='ocrx_word' id='word_1_322' title='bbox 551 4142 749 4200; x_wconf 87' lang='lat' dir='ltr'>denunciauere</span> <span class='ocrx_word' id='word_1_323' title='bbox 767 4157 792 4198; x_wconf 90' lang='grc' dir='ltr'><em>Ν</em></span> <span class='ocrx_word' id='word_1_324' title='bbox 808 4146 817 4217; x_wconf 94' lang='grc'>11</span> <span class='ocrx_word' id='word_1_325' title='bbox 839 4149 869 4198; x_wconf 83' lang='grc'>14</span> <span class='ocrx_word' id='word_1_326' title='bbox 887 4129 1009 4215; x_wconf 72' lang='lat' dir='ltr'>syllaque</span> <span class='ocrx_word' id='word_1_327' title='bbox 1025 4157 1058 4207; x_wconf 86' lang='lat' dir='ltr'>B,</span> <span class='ocrx_word' id='word_1_328' title='bbox 1077 4144 1227 4212; x_wconf 84' lang='lat' dir='ltr'>sullamque</span> <span class='ocrx_word' id='word_1_329' title='bbox 1244 4155 1270 4196; x_wconf 95' lang='grc' dir='ltr'><em>Ν</em></span> <span class='ocrx_word' id='word_1_330' title='bbox 1280 4142 1289 4212; x_wconf 96' lang='grc'>11</span> <span class='ocrx_word' id='word_1_331' title='bbox 1301 4161 1365 4195; x_wconf 78' lang='lat' dir='ltr'>num</span> <span class='ocrx_word' id='word_1_332' title='bbox 1382 4149 1424 4195; x_wconf 91' lang='lat' dir='ltr'>set</span> 
     </span>
     <span class='ocr_line' id='line_1_35' title="bbox 270 4226 1426 4299; baseline 0 -19"><span class='ocrx_word' id='word_1_333' title='bbox 270 4227 374 4297; x_wconf 74' lang='lat' dir='ltr'>regiis?</span> <span class='ocrx_word' id='word_1_334' title='bbox 392 4226 402 4295; x_wconf 94' lang='grc'>11</span> <span class='ocrx_word' id='word_1_335' title='bbox 416 4230 446 4280; x_wconf 81' lang='grc'>15</span> <span class='ocrx_word' id='word_1_336' title='bbox 465 4226 600 4282; x_wconf 87' lang='lat' dir='ltr'>thesauris</span> <span class='ocrx_word' id='word_1_337' title='bbox 611 4241 630 4280; x_wconf 80' lang='lat' dir='ltr'><em>B</em></span> <span class='ocrx_word' id='word_1_338' title='bbox 643 4229 652 4299; x_wconf 94' lang='grc'>11</span> <span class='ocrx_word' id='word_1_339' title='bbox 665 4239 754 4282; x_wconf 89' lang='lat' dir='ltr'>ne&#39;om</span> <span class='ocrx_word' id='word_1_340' title='bbox 765 4242 790 4282; x_wconf 95' lang='grc' dir='ltr'><em>Ν</em></span> <span class='ocrx_word' id='word_1_341' title='bbox 801 4230 809 4299; x_wconf 96' lang='grc'>11</span> <span class='ocrx_word' id='word_1_342' title='bbox 828 4233 857 4282; x_wconf 84' lang='grc'>18</span> <span class='ocrx_word' id='word_1_343' title='bbox 869 4228 1000 4283; x_wconf 78' lang='lat' dir='ltr'>muniris</span> <span class='ocrx_word' id='word_1_344' title='bbox 1013 4228 1021 4298; x_wconf 91' lang='grc'>1</span> <span class='ocrx_word' id='word_1_345' title='bbox 1037 4233 1067 4281; x_wconf 83' lang='grc'>19</span> <span class='ocrx_word' id='word_1_346' title='bbox 1080 4245 1199 4280; x_wconf 76' lang='lat' dir='ltr'>mazara</span> <span class='ocrx_word' id='word_1_347' title='bbox 1209 4240 1234 4280; x_wconf 86' lang='lat' dir='ltr'><em>N</em></span> <span class='ocrx_word' id='word_1_348' title='bbox 1245 4228 1254 4299; x_wconf 89' lang='grc'>1</span> <span class='ocrx_word' id='word_1_349' title='bbox 1268 4232 1299 4281; x_wconf 88' lang='grc'>20</span> <span class='ocrx_word' id='word_1_350' title='bbox 1312 4235 1372 4281; x_wconf 88' lang='lat' dir='ltr'>tum</span> <span class='ocrx_word' id='word_1_351' title='bbox 1384 4247 1426 4280; x_wconf 88' lang='lat' dir='ltr'>om</span> 
     </span>
    </p>
   </div>
   <div class='ocr_carea' id='block_1_6' title="bbox 269 4311 1422 4465">
    <p class='ocr_par' dir='ltr' id='par_1_8' title="bbox 269 4311 1422 4465">
     <span class='ocr_line' id='line_1_36' title="bbox 269 4311 1422 4384; baseline 0.001 -18"><span class='ocrx_word' id='word_1_352' title='bbox 269 4325 290 4366; x_wconf 77' lang='lat' dir='ltr'><em>B</em></span> <span class='ocrx_word' id='word_1_353' title='bbox 302 4311 311 4379; x_wconf 94' lang='grc'>11</span> <span class='ocrx_word' id='word_1_354' title='bbox 326 4313 355 4363; x_wconf 88' lang='grc'>21</span> <span class='ocrx_word' id='word_1_355' title='bbox 379 4317 411 4363; x_wconf 90' lang='lat' dir='ltr'>ut</span> <span class='ocrx_word' id='word_1_356' title='bbox 422 4330 464 4364; x_wconf 88' lang='lat' dir='ltr'>om</span> <span class='ocrx_word' id='word_1_357' title='bbox 476 4324 498 4364; x_wconf 92' lang='grc' dir='ltr'><em>Ν</em></span> <span class='ocrx_word' id='word_1_358' title='bbox 511 4311 520 4382; x_wconf 93' lang='grc'>11</span> <span class='ocrx_word' id='word_1_359' title='bbox 534 4316 566 4366; x_wconf 88' lang='grc'>22</span> <span class='ocrx_word' id='word_1_360' title='bbox 579 4331 689 4383; x_wconf 88' lang='lat' dir='ltr'>syrenas</span> <span class='ocrx_word' id='word_1_361' title='bbox 699 4327 724 4368; x_wconf 91' lang='grc' dir='ltr'><em>Ν</em></span> <span class='ocrx_word' id='word_1_362' title='bbox 735 4314 744 4384; x_wconf 91' lang='grc'>1</span> <span class='ocrx_word' id='word_1_363' title='bbox 757 4316 920 4368; x_wconf 90' lang='lat' dir='ltr'>hostendere</span> <span class='ocrx_word' id='word_1_364' title='bbox 931 4327 950 4367; x_wconf 81' lang='lat' dir='ltr'><em>B</em></span> <span class='ocrx_word' id='word_1_365' title='bbox 963 4315 972 4383; x_wconf 93' lang='grc'>11</span> <span class='ocrx_word' id='word_1_366' title='bbox 985 4319 1019 4368; x_wconf 81' lang='grc'>23</span> <span class='ocrx_word' id='word_1_367' title='bbox 1032 4322 1089 4366; x_wconf 89' lang='lat' dir='ltr'>tum</span> <span class='ocrx_word' id='word_1_368' title='bbox 1101 4325 1126 4366; x_wconf 94' lang='grc' dir='ltr'><em>Ν</em></span> <span class='ocrx_word' id='word_1_369' title='bbox 1137 4313 1145 4383; x_wconf 95' lang='grc'>11</span> <span class='ocrx_word' id='word_1_370' title='bbox 1160 4317 1190 4366; x_wconf 76' lang='grc'>21</span> <span class='ocrx_word' id='word_1_371' title='bbox 1205 4314 1233 4366; x_wconf 92' lang='lat' dir='ltr'>in</span> <span class='ocrx_word' id='word_1_372' title='bbox 1246 4313 1367 4366; x_wconf 89' lang='lat' dir='ltr'>hostium</span> <span class='ocrx_word' id='word_1_373' title='bbox 1378 4325 1401 4367; x_wconf 89' lang='grc' dir='ltr'><em>Ν</em></span> <span class='ocrx_word' id='word_1_374' title='bbox 1413 4314 1422 4383; x_wconf 94' lang='grc'>11</span> 
     </span>
     <span class='ocr_line' id='line_1_37' title="bbox 272 4395 550 4465; baseline 0.007 -18"><span class='ocrx_word' id='word_1_375' title='bbox 272 4395 369 4447; x_wconf 89' lang='lat' dir='ltr'>incidit</span> <span class='ocrx_word' id='word_1_376' title='bbox 381 4395 429 4447; x_wconf 90' lang='lat' dir='ltr'>sed</span> <span class='ocrx_word' id='word_1_377' title='bbox 441 4395 494 4448; x_wconf 90' lang='lat' dir='ltr'>nisi</span> <span class='ocrx_word' id='word_1_378' title='bbox 505 4409 531 4449; x_wconf 94' lang='grc' dir='ltr'><em>Ν</em></span> <span class='ocrx_word' id='word_1_379' title='bbox 541 4396 550 4465; x_wconf 93' lang='grc'>11</span> 
     </span>
    </p>
   </div>
   <div class='ocr_carea' id='block_1_7' title="bbox 0 0 1677 5084">
    <p class='ocr_par' dir='ltr' id='par_1_9' title="bbox 0 0 1677 5084">
     <span class='ocr_line' id='line_1_38' title="bbox 0 0 1677 5084; baseline 0 0"><span class='ocrx_word' id='word_1_380' title='bbox 0 0 1677 5084; x_wconf 95' lang='lat' dir='ltr'> </span> 
     </span>
    </p>
   </div>
  </div>
 </body>
</html>
