3300 5084
571 339 719 384 serrone
735 339 775 395 11,
794 331 825 381 13
844 321 926 404 [11113
944 322 985 404 2].
1318 322 1359 382 97

112 489 115 496 '
209 490 310 554 iussit'
319 491 455 556 absenti.
481 490 641 553 Graecula
655 487 776 552 ciuitas
785 510 852 551 non
866 510 923 570 pro
937 487 1075 551 mollitia
1089 488 1228 552 nominis
1243 500 1276 551 et
1290 491 1358 552 ual-

208 598 277 684 lum
291 617 439 683 rumpere
453 607 486 658 et
504 595 674 668 incendere
688 594 855 657 machinas
870 615 967 668 ausa,
984 592 1081 655 etiam
1102 594 1251 681 congredi
1266 595 1358 658 naui·

207 693 287 776 bus;
312 703 368 763 sed
383 704 524 775 Brutus,
540 698 594 762 oui
608 701 798 762 mandatum
813 710 880 762 erat
894 698 1152 773 bellum-,uictos
1167 709 1251 761 terra
1264 701 1358 762 mari-

198 815 270 888 'que
284 806 476 888 perdomuit.
500 825 582 876 mor
597 804 786 867 dedentibus
809 826 843 867 se
866 802 974 866 omnia
995 803 1102 866 ablata
1123 814 1359 886 praeterquam

170 924 185 972 5
207 910 363 994 potiorem
378 891 526 974 omnibus
542 910 704 972 habebant
718 910 910 972 libertatem.

292 1018 420 1098 Anceps
435 1015 625 1096 uariamque
640 1016 696 1078 sed
710 1014 915 1078 incruentum
928 1016 963 1077 in
975 1014 1138 1097 Hispania
1151 1015 1273 1076 bellum
1284 1036 1359 1078 cum

207 1122 322 1205 legatis
338 1121 425 1184 Gnei
444 1119 597 1202 Pompei,
626 1118 753 1181 Petreio
775 1130 807 1180 et
830 1120 985 1195 Afranio,
1013 1141 1092 1212 quos
1114 1120 1239 1182 Ilerdae
1254 1114 1365 1182 castra¹

206 1229 361 1290 habentes
378 1236 456 1308 aput
472 1223 606 1288 Sicorim
621 1245 748 1286 amnem
760 1224 902 1288 obsidere
914 1235 947 1308 et
958 1225 998 1287 ab
1014 1225 1130 1306 oppido
1145 1224 1358 1288 intercludere

208 1331 402 1415 adgreditur.
426 1329 555 1392 interim
576 1328 750 1392 abundatio
771 1330 864 1392 uerni
882 1330 1026 1392 fluminis
1041 1331 1271 1393 commeatibus
1285 1352 1356 1412 pro-

155 1450 187 1498 10
207 1437 354 1500 bibebat:
381 1435 426 1498 sic
444 1433 528 1497 fame
543 1445 646 1497 castra
661 1443 817 1514 temptata
837 1445 933 1511 sunt,
957 1436 1161 1516 obsessorque
1181 1434 1250 1516 ipse
1265 1436 1356 1516 quasi

206 1544 420 1606 obsidebatur.
445 1543 501 1603 sed
515 1539 571 1602 ubi
586 1561 650 1621 pax
664 1537 808 1600 fluminis
823 1538 936 1613 rediit,
953 1538 1214 1620 populationibus
1229 1550 1262 1601 et
1275 1562 1356 1622 pug-

205 1669 266 1730 nae
282 1668 408 1729 campos
424 1645 566 1728 aperuit,
589 1643 706 1705 iterum
727 1643 816 1704 ferox
835 1642 935 1704 instat
950 1652 982 1704 et
997 1645 1144 1706 cedentes
1161 1647 1201 1706 ad
1216 1645 1355 1708 Celtibe·

204 1753 284 1816 riam
305 1761 497 1814 consecutus
520 1770 635 1830 aggere
656 1758 688 1809 et
710 1745 796 1807 uallo
818 1756 851 1806 et
871 1767 928 1827 per
942 1746 1022 1809 haec
1037 1748 1090 1810 siti
1105 1750 1146 1810 ad
1160 1750 1356 1812 deditionem

204 1855 361 1940 conpulit.
389 1854 434 1917 sic
450 1852 576 1915 citerior
589 1849 752 1932 Hispania
765 1860 893 1933 recepta
913 1860 979 1926 est,
1003 1873 1062 1914 nec
1083 1853 1214 1915 ulterior
1234 1876 1356 1915 moram

153 1975 185 2025 15
205 1961 291 2024 fecit.
318 1959 395 2040 quid
406 1957 494 2020 enim
508 1979 574 2018 una
587 1966 659 2038 post
674 1953 816 2035 quinque
830 1954 989 2037 legiones?
1005 1957 1112 2040 itaque
1124 1959 1209 2020 ultro
1224 1961 1355 2020 cedente

204 2069 348 2131 Varrone
374 2063 481 2126 Gades
507 2061 626 2123 fretum
655 2059 821 2134 Oceanus,
858 2059 966 2122 omnia
997 2063 1184 2127 felicitatem
1210 2063 1355 2127 Caesaris

178 2206 182 2214 =
203 2170 429 2251 sequebantur.

289 2273 423 2357 Aliquid
438 2283 546 2336 tamen
562 2275 715 2336 aduersus
738 2273 903 2337 absentem
918 2277 1033 2339 ducem
1049 2302 1126 2341 ausa
1149 2282 1293 2342 Fortuna
1308 2292 1355 2344 est

202 2381 285 2444 circa
297 2379 459 2462 Illyricam
474 2388 506 2440 et
516 2378 659 2442 Africam
671 2400 771 2453 oram,
789 2380 880 2461 quasi
895 2382 934 2442 de
949 2381 1108 2446 industria
1122 2407 1271 2467 prospera
1287 2385 1355 2449 eius

151 2497 184 2548 20
204 2484 344 2548 aduersis
359 2485 506 2547 radiaret.
532 2483 650 2566 quippe
673 2505 752 2545 cum·
770 2484 877 2547 fauces
898 2485 1034 2548 Adriani
1055 2490 1151 2552 maris
1166 2490 1246 2552 iussi
1261 2511 1352 2552 occu-

205 2611 280 2673 pare
300 2590 470 2652 Dolabella
491 2598 524 2651 et
543 2588 724 2664 Antonius,
752 2588 808 2652 ille
829 2590 977 2672 Illyrico,
1005 2592 1058 2654 hic
1079 2593 1239 2656 Curictico
1260 2595 1353 2658 litore

202 2705 305 2758 castra
325 2694 508 2777 posuissent
528 2693 593 2756 iam
612 2695 714 2758 maria
734 2694 799 2757 late
819 2705 949 2758 tenente
965 2698 1138 2780 Pompei0,
1162 2710 1292 2781 repente
1307 2701 1352 2762 le·

201 2810 297 2882 gatus
312 2800 381 2862 eius
396 2799 553 2864 Octauius
575 2799 657 2862 Libo
677 2800 864 2883 ingentibus
884 2801 984 2884 copiis
1005 2802 1208 2866 classicorum
1229 2816 1351 2868 utrum-

202 2925 264 2985 que
286 2903 508 2967 circumuenit.
549 2904 746 2968 deditionem
765 2908 866 2970 fames
889 2907 1022 2970 extorsit
1042 2894 1213 2972 Antonio..
1235 2911 1351 2974 missae

147 3020 181 3069 25
202 3031 326 3093 quoque
342 3032 361 3072 a
375 3009 484 3072 Basilo
499 3009 534 3071 in
555 3010 714 3073 auxilium
736 3012 805 3074 eius
825 3022 928 3088 rates,
955 3014 1064 3094 quales
1085 3014 1194 3097 inopia
1216 3017 1350 3078 nauium

200 3114 353 3192 fecerant,
369 3138 456 3178 noua
470 3115 740 3198 Pompeianorum
756 3127 822 3179 arte
838 3117 978 3180 Cilicum
993 3119 1072 3182 actis
1094 3122 1154 3182 sub
1169 3122 1250 3182 mari
1264 3121 1348 3182 funi-

197 3221 258 3283 bus
274 3231 384 3304 captae
399 3220 491 3302 quasi
505 3243 562 3302 per
584 3220 781 3304 indaginem.
818 3223 898 3285 duas
920 3233 1029 3286 tamen
1051 3237 1157 3288 aestus
1180 3226 1345 3309 explicuit.

199 3346 276 3400 una,
293 3346 375 3406 quae
390 3323 596 3406 Opiterginos
613 3328 746 3402 ferebat,
763 3328 798 3388 in
814 3326 907 3388 uadis
923 3327 1026 3390 haesit
1040 3333 1346 3413 memorandumque

196 3428 331 3511 posteris
347 3429 530 3512 exemplum
545 3418 643 3492 dedit.
679 3431 797 3513 quippe
813 3431 871 3492 uix
885 3430 974 3493 mille
988 3431 1145 3495 iuuenum
1159 3457 1279 3498 manus-
1288 3437 1347 3498 cir-

145 3546 178 3594 30
198 3531 494 3614 cumfusiundique
507 3533 665 3598 exercitus
678 3556 735 3617 per
750 3545 856 3598 totum
869 3534 955 3598 diem
970 3537 1034 3598 tela
1046 3538 1212 3616 sustinuit,
1230 3552 1348 3604 etcum

199 3704 211 3752 1
225 3699 317 3754 abenti
328 3712 354 3753 N
365 3699 374 3769 1
387 3699 434 3752 sed
446 3699 548 3753 uallum
560 3713 579 3754 Β
592 3701 601 3771 11
614 3705 629 3753 2
643 3703 695 3755 iam
706 3722 748 3756 om
760 3715 784 3758 N
795 3703 804 3772 11
818 3709 834 3755 4
854 3721 911 3756 sese
923 3704 1013 3757 ablata
1026 3706 1116 3759 omnia
1126 3719 1151 3758 N
1162 3708 1170 3776 11
1183 3709 1281 3761 abbata
1292 3723 1312 3762 Β
1325 3711 1333 3780 11
1370 3774 1374 3784 Ι

196 3789 211 3838 6
225 3793 253 3838 et
264 3792 405 3837 cruentum
416 3797 440 3838 N
452 3785 461 3855 11
475 3790 489 3838 7
503 3784 631 3839 africanio
644 3787 659 3839 b
672 3789 680 3858 11
695 3792 709 3840 8
728 3789 827 3842 sicorin
845 3801 868 3840 N
880 3789 889 3858 1
903 3788 1025 3859 opsidere
1043 3802 1069 3843 N
1079 3791 1088 3861 11
1102 3795 1117 3842 9
1137 3792 1304 3846 habundatio
1315 3809 1343 3859 Β,

196 3869 398 3926 abundantione
415 3882 439 3923 N
451 3869 459 3941 11
486 3871 660 3926 comeatibus·
674 3887 694 3927 Β
706 3875 715 3944 11
732 3874 859 3944 prohibet
881 3885 907 3925 N
922 3873 931 3944 1
952 3878 981 3926 11
1009 3875 1188 3929 obsedebatur
1205 3891 1225 3931 Β
1243 3879 1252 3949 11
1275 3881 1347 3934 redit

107 3959 111 3968 “
197 3967 222 4005 N
232 3955 240 4023 11
253 3954 472 4026 pabulationibus
484 3954 593 4024 Lqrsias
606 3955 614 4025 11
634 3974 726 4027 pugna
744 3960 784 4028 Β11
800 3962 860 4029 12a
877 3958 917 4029 Β11
938 3959 1108 4012 celteueriam
1128 3962 1157 4025 b,
1180 3962 1345 4017 celtiueriam

196 4039 238 4110 Β11
252 4042 282 4090 14
296 4039 412 4093 contulit
422 4054 442 4094 Β
454 4042 463 4113 11
479 4045 509 4094 16
522 4041 629 4093 oceanis
641 4053 660 4093 Β
673 4042 681 4112 11
697 4046 727 4096 19
740 4043 876 4114 Illyricam
893 4043 1050 4112 Hauptius:
1075 4044 1186 4097 illirium
1203 4059 1235 4111 Β,
1261 4048 1345 4117 illyri-

197 4138 256 4174 cum
268 4133 293 4174 N
303 4123 312 4192 11
325 4124 443 4178 Africam
456 4142 530 4179 oram
541 4125 697 4194 Hauptius:
715 4127 824 4181 africam
836 4128 952 4181 moranti
963 4141 991 4191 Β,
1006 4128 1115 4181 africam
1126 4142 1151 4181 N
1161 4132 1170 4200 11
1184 4135 1217 4182 20
1228 4132 1345 4194 radiaret

197 4205 220 4268 d,
234 4207 369 4260 radiarent
379 4221 406 4272 Β,
421 4209 589 4262 radiarentur
600 4222 626 4262 N
635 4210 644 4281 1
657 4211 766 4266 iussitr
779 4213 787 4282 11
801 4216 832 4265 21
848 4213 962 4284 syretico
974 4225 993 4265 Β
1006 4213 1015 4282 11
1028 4216 1061 4264 23
1073 4214 1188 4283 genibus
1200 4215 1310 4284 copiisu
1323 4216 1332 4283 11

197 4291 229 4340 25
242 4305 258 4340 a
269 4289 359 4343 Basilo
372 4293 458 4344 Abina
466 4314 476 4343 :
494 4294 528 4346 ab
540 4293 606 4347 latio
619 4307 653 4360 Β,
673 4297 786 4353 ablasio
798 4310 824 4350 N
835 4299 844 4368 11
857 4301 889 4350 26
902 4298 1002 4350 fecerat
1012 4310 1038 4350 N
1048 4298 1057 4367 11
1069 4299 1170 4351 maret
1184 4298 1239 4367 1129
1252 4316 1341 4350 erem-

193 4372 269 4441 plum
281 4373 495 4427 Freiaatema'ua:
513 4378 616 4431 exitum
628 4393 666 4431 IN
676 4382 686 4449 11

222 4470 339 4511 rroavs.
1164 4487 1178 4533 7
