<?xml version="1.0" encoding="UTF-8"?>
<!DOCTYPE html PUBLIC "-//W3C//DTD XHTML 1.0 Transitional//EN"
    "http://www.w3.org/TR/xhtml1/DTD/xhtml1-transitional.dtd">
<html xmlns="http://www.w3.org/1999/xhtml" xml:lang="en" lang="en">
 <head>
  <title>
</title>
<meta http-equiv="Content-Type" content="text/html;charset=utf-8" />
  <meta name='ocr-system' content='tesseract 3.04.00' />
  <meta name='ocr-capabilities' content='ocr_page ocr_carea ocr_par ocr_line ocrx_word'/>
</head>
<body>
  <div class='ocr_page' id='page_1' title='image "./ivlifloriepitom00jahngoog_0008.png"; bbox 0 0 3300 5084; ppageno 0'>
   <div class='ocr_carea' id='block_1_1' title="bbox 288 378 962 433">
    <p class='ocr_par' dir='ltr' id='par_1_1' title="bbox 288 378 962 433">
     <span class='ocr_line' id='line_1_1' title="bbox 288 378 962 433; baseline -0.003 -1"><span class='ocrx_word' id='word_1_1' title='bbox 288 378 350 432; x_wconf 89' lang='lat'>1111</span> <span class='ocrx_word' id='word_1_2' title='bbox 765 390 962 433; x_wconf 70' lang='lat' dir='ltr'>raxurnrro.</span> 
     </span>
    </p>
   </div>
   <div class='ocr_carea' id='block_1_2' title="bbox 256 539 1537 4536">
    <p class='ocr_par' dir='ltr' id='par_1_2' title="bbox 287 539 1459 1893">
     <span class='ocr_line' id='line_1_2' title="bbox 289 539 1459 622; baseline -0.002 -18"><span class='ocrx_word' id='word_1_3' title='bbox 289 554 359 604; x_wconf 89' lang='lat' dir='ltr'>tum</span> <span class='ocrx_word' id='word_1_4' title='bbox 381 563 452 602; x_wconf 90' lang='lat' dir='ltr'>meo</span> <span class='ocrx_word' id='word_1_5' title='bbox 475 539 605 603; x_wconf 87' lang='lat' dir='ltr'>arbitrio</span> <span class='ocrx_word' id='word_1_6' title='bbox 627 549 682 602; x_wconf 87' lang='lat' dir='ltr'>aut</span> <span class='ocrx_word' id='word_1_7' title='bbox 704 541 831 602; x_wconf 82' lang='lat' dir='ltr'>ederem</span> <span class='ocrx_word' id='word_1_8' title='bbox 854 540 986 602; x_wconf 89' lang='lat' dir='ltr'>Florum</span> <span class='ocrx_word' id='word_1_9' title='bbox 1007 549 1064 601; x_wconf 88' lang='lat' dir='ltr'>aut</span> <span class='ocrx_word' id='word_1_10' title='bbox 1089 560 1286 622; x_wconf 83' lang='lat' dir='ltr'>reponerem.</span> <span class='ocrx_word' id='word_1_11' title='bbox 1327 541 1459 602; x_wconf 89' lang='lat' dir='ltr'>tandem</span> 
     </span>
     <span class='ocr_line' id='line_1_3' title="bbox 288 644 1454 730; baseline -0.001 -21"><span class='ocrx_word' id='word_1_12' title='bbox 288 647 407 709; x_wconf 82' lang='lat' dir='ltr'>amicae</span> <span class='ocrx_word' id='word_1_13' title='bbox 424 667 498 728; x_wconf 83' lang='lat' dir='ltr'>erga</span> <span class='ocrx_word' id='word_1_14' title='bbox 512 668 564 707; x_wconf 87' lang='lat' dir='ltr'>rue</span> <span class='ocrx_word' id='word_1_15' title='bbox 580 646 743 726; x_wconf 88' lang='lat' dir='ltr'>uoluntati</span> <span class='ocrx_word' id='word_1_16' title='bbox 758 648 939 708; x_wconf 91' lang='lat' dir='ltr'>cedendum</span> <span class='ocrx_word' id='word_1_17' title='bbox 953 644 1069 730; x_wconf 78' lang='lat' dir='ltr'>putaui</span> <span class='ocrx_word' id='word_1_18' title='bbox 1089 656 1121 707; x_wconf 85' lang='lat' dir='ltr'>et</span> <span class='ocrx_word' id='word_1_19' title='bbox 1143 645 1179 707; x_wconf 91' lang='lat' dir='ltr'>in</span> <span class='ocrx_word' id='word_1_20' title='bbox 1194 644 1386 707; x_wconf 90' lang='lat' dir='ltr'>conferendo</span> <span class='ocrx_word' id='word_1_21' title='bbox 1403 666 1454 708; x_wconf 92' lang='lat' dir='ltr'>co·</span> 
     </span>
     <span class='ocr_line' id='line_1_4' title="bbox 287 751 1456 834; baseline 0 -20"><span class='ocrx_word' id='word_1_22' title='bbox 287 753 374 828; x_wconf 88' lang='lat' dir='ltr'>dice,</span> <span class='ocrx_word' id='word_1_23' title='bbox 392 766 549 834; x_wconf 89' lang='lat' dir='ltr'>quantum</span> <span class='ocrx_word' id='word_1_24' title='bbox 563 751 639 815; x_wconf 92' lang='lat' dir='ltr'>inde</span> <span class='ocrx_word' id='word_1_25' title='bbox 655 751 768 814; x_wconf 83' lang='lat' dir='ltr'>auxilii</span> <span class='ocrx_word' id='word_1_26' title='bbox 784 754 824 814; x_wconf 89' lang='lat' dir='ltr'>ad</span> <span class='ocrx_word' id='word_1_27' title='bbox 840 752 973 814; x_wconf 87' lang='lat' dir='ltr'>Florum</span> <span class='ocrx_word' id='word_1_28' title='bbox 987 751 1224 814; x_wconf 89' lang='lat' dir='ltr'>restituendum</span> <span class='ocrx_word' id='word_1_29' title='bbox 1246 761 1356 833; x_wconf 91' lang='lat' dir='ltr'>petere</span> <span class='ocrx_word' id='word_1_30' title='bbox 1378 752 1456 814; x_wconf 90' lang='lat' dir='ltr'>lice-</span> 
     </span>
     <span class='ocr_line' id='line_1_5' title="bbox 288 857 1456 940; baseline -0.002 -20"><span class='ocrx_word' id='word_1_31' title='bbox 288 872 354 933; x_wconf 89' lang='lat' dir='ltr'>ret,</span> <span class='ocrx_word' id='word_1_32' title='bbox 369 857 480 921; x_wconf 88' lang='lat' dir='ltr'>statim</span> <span class='ocrx_word' id='word_1_33' title='bbox 491 857 649 920; x_wconf 86' lang='lat' dir='ltr'>intellexi.</span> <span class='ocrx_word' id='word_1_34' title='bbox 673 880 771 939; x_wconf 87' lang='lat' dir='ltr'>quare</span> <span class='ocrx_word' id='word_1_35' title='bbox 787 881 861 922; x_wconf 92' lang='lat' dir='ltr'>cum</span> <span class='ocrx_word' id='word_1_36' title='bbox 873 857 1018 920; x_wconf 89' lang='lat' dir='ltr'>animum</span> <span class='ocrx_word' id='word_1_37' title='bbox 1033 857 1168 940; x_wconf 89' lang='lat' dir='ltr'>inprobo</span> <span class='ocrx_word' id='word_1_38' title='bbox 1183 857 1405 920; x_wconf 87' lang='lat' dir='ltr'>commentarii</span> <span class='ocrx_word' id='word_1_39' title='bbox 1420 857 1456 919; x_wconf 91' lang='lat' dir='ltr'>in</span> 
     </span>
     <span class='ocr_line' id='line_1_6' title="bbox 289 963 1457 1046; baseline -0.003 -19"><span class='ocrx_word' id='word_1_40' title='bbox 289 965 481 1027; x_wconf 88' lang='lat' dir='ltr'>quenalem</span> <span class='ocrx_word' id='word_1_41' title='bbox 493 963 651 1026; x_wconf 87' lang='lat' dir='ltr'>scribendi</span> <span class='ocrx_word' id='word_1_42' title='bbox 662 964 769 1026; x_wconf 90' lang='lat' dir='ltr'>labore</span> <span class='ocrx_word' id='word_1_43' title='bbox 781 965 901 1026; x_wconf 86' lang='lat' dir='ltr'>fessum</span> <span class='ocrx_word' id='word_1_44' title='bbox 913 964 1019 1046; x_wconf 88' lang='lat' dir='ltr'>aliqua</span> <span class='ocrx_word' id='word_1_45' title='bbox 1030 963 1209 1026; x_wconf 88' lang='lat' dir='ltr'>mutatione</span> <span class='ocrx_word' id='word_1_46' title='bbox 1222 967 1351 1025; x_wconf 83' lang='lat' dir='ltr'>relicere</span> <span class='ocrx_word' id='word_1_47' title='bbox 1362 985 1457 1044; x_wconf 91' lang='lat' dir='ltr'>cupe-</span> 
     </span>
     <span class='ocr_line' id='line_1_7' title="bbox 289 1068 1456 1153; baseline -0.001 -22"><span class='ocrx_word' id='word_1_48' title='bbox 289 1091 369 1146; x_wconf 90' lang='lat' dir='ltr'>rem,</span> <span class='ocrx_word' id='word_1_49' title='bbox 384 1068 470 1132; x_wconf 86' lang='lat' dir='ltr'>Flori</span> <span class='ocrx_word' id='word_1_50' title='bbox 485 1080 654 1150; x_wconf 87' lang='lat' dir='ltr'>postquam</span> <span class='ocrx_word' id='word_1_51' title='bbox 667 1070 731 1152; x_wconf 84' lang='lat' dir='ltr'>logi</span> <span class='ocrx_word' id='word_1_52' title='bbox 744 1070 841 1132; x_wconf 89' lang='lat' dir='ltr'>etiam</span> <span class='ocrx_word' id='word_1_53' title='bbox 857 1069 1063 1146; x_wconf 88' lang='lat' dir='ltr'>emendandi,</span> <span class='ocrx_word' id='word_1_54' title='bbox 1080 1080 1238 1153; x_wconf 88' lang='lat' dir='ltr'>quantum</span> <span class='ocrx_word' id='word_1_55' title='bbox 1252 1068 1322 1131; x_wconf 93' lang='lat' dir='ltr'>fieri</span> <span class='ocrx_word' id='word_1_56' title='bbox 1336 1078 1456 1151; x_wconf 88' lang='lat' dir='ltr'>posset,</span> 
     </span>
     <span class='ocr_line' id='line_1_8' title="bbox 290 1164 1457 1258; baseline -0.001 -22"><span class='ocrx_word' id='word_1_57' title='bbox 290 1195 400 1236; x_wconf 91' lang='lat' dir='ltr'>curam</span> <span class='ocrx_word' id='word_1_58' title='bbox 428 1173 564 1256; x_wconf 85' lang='lat' dir='ltr'>suscepi.</span> <span class='ocrx_word' id='word_1_59' title='bbox 601 1197 664 1256; x_wconf 93' lang='lat' dir='ltr'>quo</span> <span class='ocrx_word' id='word_1_60' title='bbox 691 1175 808 1239; x_wconf 86' lang='lat' dir='ltr'>certius</span> <span class='ocrx_word' id='word_1_61' title='bbox 830 1164 941 1244; x_wconf 84' lang='lat' dir='ltr'>¹autem</span> <span class='ocrx_word' id='word_1_62' title='bbox 969 1176 1219 1249; x_wconf 83' lang='lat' dir='ltr'>fundamentum</span> <span class='ocrx_word' id='word_1_63' title='bbox 1239 1174 1343 1258; x_wconf 90' lang='lat' dir='ltr'>operis</span> <span class='ocrx_word' id='word_1_64' title='bbox 1362 1177 1457 1257; x_wconf 91' lang='lat' dir='ltr'>perfi-</span> 
     </span>
     <span class='ocr_line' id='line_1_9' title="bbox 290 1279 1458 1363; baseline 0 -21"><span class='ocrx_word' id='word_1_65' title='bbox 290 1279 396 1342; x_wconf 90' lang='lat' dir='ltr'>ciendi</span> <span class='ocrx_word' id='word_1_66' title='bbox 412 1279 547 1341; x_wconf 85' lang='lat' dir='ltr'>iacerem</span> <span class='ocrx_word' id='word_1_67' title='bbox 562 1280 703 1343; x_wconf 77' lang='lat' dir='ltr'>codicem</span> <span class='ocrx_word' id='word_1_68' title='bbox 723 1303 741 1342; x_wconf 90' lang='lat' dir='ltr'>a</span> <span class='ocrx_word' id='word_1_69' title='bbox 757 1281 972 1344; x_wconf 88' lang='lat' dir='ltr'>Mommsenio</span> <span class='ocrx_word' id='word_1_70' title='bbox 993 1282 1122 1344; x_wconf 72' lang='lat' dir='ltr'>adiutus</span> <span class='ocrx_word' id='word_1_71' title='bbox 1144 1282 1231 1344; x_wconf 86' lang='lat' dir='ltr'>intra</span> <span class='ocrx_word' id='word_1_72' title='bbox 1250 1303 1369 1363; x_wconf 85' lang='lat' dir='ltr'>paucos</span> <span class='ocrx_word' id='word_1_73' title='bbox 1391 1280 1458 1343; x_wconf 89' lang='lat' dir='ltr'>dies</span> 
     </span>
     <span class='ocr_line' id='line_1_10' title="bbox 290 1370 1459 1463; baseline -0.001 -16"><span class='ocrx_word' id='word_1_74' title='bbox 290 1386 340 1449; x_wconf 89' lang='lat' dir='ltr'>bis</span> <span class='ocrx_word' id='word_1_75' title='bbox 362 1385 497 1447; x_wconf 87' lang='lat' dir='ltr'>contuli.</span> <span class='ocrx_word' id='word_1_76' title='bbox 536 1386 689 1448; x_wconf 88' lang='lat' dir='ltr'>Halmius</span> <span class='ocrx_word' id='word_1_77' title='bbox 713 1399 841 1463; x_wconf 90' lang='lat' dir='ltr'>autem,</span> <span class='ocrx_word' id='word_1_78' title='bbox 872 1387 925 1449; x_wconf 91' lang='lat' dir='ltr'>cui</span> <span class='ocrx_word' id='word_1_79' title='bbox 945 1387 1089 1450; x_wconf 89' lang='lat' dir='ltr'>codicem</span> <span class='ocrx_word' id='word_1_80' title='bbox 1109 1387 1293 1451; x_wconf 89' lang='lat' dir='ltr'>redditurus</span> <span class='ocrx_word' id='word_1_81' title='bbox 1306 1370 1459 1448; x_wconf 39' lang='lat' dir='ltr'>&#39;indicaui</span> 
     </span>
     <span class='ocr_line' id='line_1_11' title="bbox 291 1490 1459 1577; baseline 0 -24"><span class='ocrx_word' id='word_1_82' title='bbox 291 1491 369 1575; x_wconf 92' lang='lat' dir='ltr'>quid</span> <span class='ocrx_word' id='word_1_83' title='bbox 392 1490 518 1554; x_wconf 87' lang='lat' dir='ltr'>consilii</span> <span class='ocrx_word' id='word_1_84' title='bbox 539 1491 711 1573; x_wconf 89' lang='lat' dir='ltr'>cepissem,</span> <span class='ocrx_word' id='word_1_85' title='bbox 728 1516 794 1555; x_wconf 91' lang='lat' dir='ltr'>non</span> <span class='ocrx_word' id='word_1_86' title='bbox 814 1504 986 1556; x_wconf 90' lang='lat' dir='ltr'>contentus</span> <span class='ocrx_word' id='word_1_87' title='bbox 1008 1494 1127 1556; x_wconf 92' lang='lat' dir='ltr'>librum</span> <span class='ocrx_word' id='word_1_88' title='bbox 1148 1492 1459 1577; x_wconf 84' lang='lat' dir='ltr'>praestantissimum</span> 
     </span>
     <span class='ocr_line' id='line_1_12' title="bbox 291 1596 1457 1682; baseline -0.002 -22"><span class='ocrx_word' id='word_1_89' title='bbox 291 1596 550 1660; x_wconf 85' lang='lat' dir='ltr'>subministrasse</span> <span class='ocrx_word' id='word_1_90' title='bbox 565 1597 680 1679; x_wconf 90' lang='lat' dir='ltr'>quouis</span> <span class='ocrx_word' id='word_1_91' title='bbox 695 1600 789 1662; x_wconf 89' lang='lat' dir='ltr'>modo</span> <span class='ocrx_word' id='word_1_92' title='bbox 805 1621 885 1682; x_wconf 93' lang='lat' dir='ltr'>opus</span> <span class='ocrx_word' id='word_1_93' title='bbox 900 1599 1067 1682; x_wconf 84' lang='lat' dir='ltr'>inceptum</span> <span class='ocrx_word' id='word_1_94' title='bbox 1089 1598 1276 1661; x_wconf 83' lang='lat' dir='ltr'>adiuturum</span> <span class='ocrx_word' id='word_1_95' title='bbox 1291 1620 1324 1662; x_wconf 90' lang='lat' dir='ltr'>se</span> <span class='ocrx_word' id='word_1_96' title='bbox 1339 1597 1457 1681; x_wconf 89' lang='lat' dir='ltr'>promi-</span> 
     </span>
     <span class='ocr_line' id='line_1_13' title="bbox 291 1702 1457 1788; baseline 0 -24"><span class='ocrx_word' id='word_1_97' title='bbox 291 1702 351 1778; x_wconf 85' lang='lat' dir='ltr'>sit,</span> <span class='ocrx_word' id='word_1_98' title='bbox 369 1712 400 1764; x_wconf 93' lang='lat' dir='ltr'>et</span> <span class='ocrx_word' id='word_1_99' title='bbox 415 1703 571 1784; x_wconf 88' lang='lat' dir='ltr'>promissa</span> <span class='ocrx_word' id='word_1_100' title='bbox 593 1727 786 1786; x_wconf 88' lang='lat' dir='ltr'>quamquam</span> <span class='ocrx_word' id='word_1_101' title='bbox 804 1705 917 1768; x_wconf 89' lang='lat' dir='ltr'>multis</span> <span class='ocrx_word' id='word_1_102' title='bbox 934 1715 965 1767; x_wconf 89' lang='lat' dir='ltr'>et</span> <span class='ocrx_word' id='word_1_103' title='bbox 982 1703 1180 1788; x_wconf 86' lang='lat' dir='ltr'>grauissimis</span> <span class='ocrx_word' id='word_1_104' title='bbox 1196 1703 1307 1766; x_wconf 89' lang='lat' dir='ltr'>officiis</span> <span class='ocrx_word' id='word_1_105' title='bbox 1323 1724 1457 1784; x_wconf 89' lang='lat' dir='ltr'>occupa·</span> 
     </span>
     <span class='ocr_line' id='line_1_14' title="bbox 289 1808 1433 1893; baseline 0 -23"><span class='ocrx_word' id='word_1_106' title='bbox 289 1823 341 1870; x_wconf 88' lang='lat' dir='ltr'>tus</span> <span class='ocrx_word' id='word_1_107' title='bbox 357 1808 594 1890; x_wconf 87' lang='lat' dir='ltr'>promptissima</span> <span class='ocrx_word' id='word_1_108' title='bbox 609 1809 778 1872; x_wconf 88' lang='lat' dir='ltr'>uoluntate</span> <span class='ocrx_word' id='word_1_109' title='bbox 794 1823 890 1893; x_wconf 90' lang='lat' dir='ltr'>atque</span> <span class='ocrx_word' id='word_1_110' title='bbox 907 1811 1067 1873; x_wconf 89' lang='lat' dir='ltr'>indefesso</span> <span class='ocrx_word' id='word_1_111' title='bbox 1082 1810 1190 1873; x_wconf 87' lang='lat' dir='ltr'>studio</span> <span class='ocrx_word' id='word_1_112' title='bbox 1205 1820 1359 1871; x_wconf 83' lang='lat' dir='ltr'>executus</span> <span class='ocrx_word' id='word_1_113' title='bbox 1374 1818 1433 1870; x_wconf 91' lang='lat' dir='ltr'>est.</span> 
     </span>
    </p>

    <p class='ocr_par' dir='ltr' id='par_1_3' title="bbox 290 1915 1458 2739">
     <span class='ocr_line' id='line_1_15' title="bbox 376 1915 1455 1999; baseline -0.001 -23"><span class='ocrx_word' id='word_1_114' title='bbox 376 1915 448 1976; x_wconf 89' lang='lat' dir='ltr'>Iam</span> <span class='ocrx_word' id='word_1_115' title='bbox 470 1936 547 1976; x_wconf 93' lang='lat' dir='ltr'>uero</span> <span class='ocrx_word' id='word_1_116' title='bbox 573 1927 648 1976; x_wconf 89' lang='lat' dir='ltr'>ante</span> <span class='ocrx_word' id='word_1_117' title='bbox 674 1917 783 1978; x_wconf 87' lang='lat' dir='ltr'>omnia</span> <span class='ocrx_word' id='word_1_118' title='bbox 809 1939 888 1999; x_wconf 91' lang='lat' dir='ltr'>opus</span> <span class='ocrx_word' id='word_1_119' title='bbox 909 1928 978 1979; x_wconf 89' lang='lat' dir='ltr'>crat</span> <span class='ocrx_word' id='word_1_120' title='bbox 998 1928 1038 1979; x_wconf 90' lang='lat' dir='ltr'>ut</span> <span class='ocrx_word' id='word_1_121' title='bbox 1057 1916 1199 1979; x_wconf 87' lang='lat' dir='ltr'>codicem</span> <span class='ocrx_word' id='word_1_122' title='bbox 1225 1915 1455 1989; x_wconf 89' lang='lat' dir='ltr'>Nazarianum,</span> 
     </span>
     <span class='ocr_line' id='line_1_16' title="bbox 293 2019 1455 2105; baseline 0 -23"><span class='ocrx_word' id='word_1_123' title='bbox 293 2042 389 2102; x_wconf 89' lang='lat' dir='ltr'>quern</span> <span class='ocrx_word' id='word_1_124' title='bbox 405 2031 539 2101; x_wconf 88' lang='lat' dir='ltr'>excepto</span> <span class='ocrx_word' id='word_1_125' title='bbox 553 2022 783 2103; x_wconf 85' lang='lat' dir='ltr'>Bambergensi</span> <span class='ocrx_word' id='word_1_126' title='bbox 798 2022 1061 2105; x_wconf 87' lang='lat' dir='ltr'>antiquissimum</span> <span class='ocrx_word' id='word_1_127' title='bbox 1076 2033 1107 2084; x_wconf 89' lang='lat' dir='ltr'>et</span> <span class='ocrx_word' id='word_1_128' title='bbox 1123 2021 1281 2104; x_wconf 90' lang='lat' dir='ltr'>optimum</span> <span class='ocrx_word' id='word_1_129' title='bbox 1294 2041 1362 2082; x_wconf 89' lang='lat' dir='ltr'>esse</span> <span class='ocrx_word' id='word_1_130' title='bbox 1378 2019 1455 2082; x_wconf 88' lang='lat' dir='ltr'>satis</span> 
     </span>
     <span class='ocr_line' id='line_1_17' title="bbox 291 2124 1458 2209; baseline -0.003 -20"><span class='ocrx_word' id='word_1_131' title='bbox 291 2128 475 2200; x_wconf 86' lang='lat' dir='ltr'>constabat,</span> <span class='ocrx_word' id='word_1_132' title='bbox 493 2124 711 2208; x_wconf 83' lang='lat' dir='ltr'>Heidelberga</span> <span class='ocrx_word' id='word_1_133' title='bbox 732 2127 951 2203; x_wconf 85' lang='lat' dir='ltr'>nanciscerer,</span> <span class='ocrx_word' id='word_1_134' title='bbox 970 2128 1087 2209; x_wconf 87' lang='lat' dir='ltr'>quippe</span> <span class='ocrx_word' id='word_1_135' title='bbox 1104 2149 1200 2209; x_wconf 89' lang='lat' dir='ltr'>quern</span> <span class='ocrx_word' id='word_1_136' title='bbox 1215 2149 1235 2188; x_wconf 88' lang='lat' dir='ltr'>a</span> <span class='ocrx_word' id='word_1_137' title='bbox 1250 2125 1408 2189; x_wconf 84' lang='lat' dir='ltr'>Salmasio</span> <span class='ocrx_word' id='word_1_138' title='bbox 1423 2135 1458 2187; x_wconf 89' lang='lat' dir='ltr'>et</span> 
     </span>
     <span class='ocr_line' id='line_1_18' title="bbox 291 2231 1458 2314; baseline -0.002 -19"><span class='ocrx_word' id='word_1_139' title='bbox 291 2234 431 2296; x_wconf 87' lang='lat' dir='ltr'>Grutero</span> <span class='ocrx_word' id='word_1_140' title='bbox 456 2253 523 2293; x_wconf 92' lang='lat' dir='ltr'>non</span> <span class='ocrx_word' id='word_1_141' title='bbox 544 2253 582 2293; x_wconf 88' lang='lat' dir='ltr'>ea</span> <span class='ocrx_word' id='word_1_142' title='bbox 611 2254 707 2314; x_wconf 87' lang='lat' dir='ltr'>quarn</span> <span class='ocrx_word' id='word_1_143' title='bbox 734 2232 830 2294; x_wconf 88' lang='lat' dir='ltr'>hodie</span> <span class='ocrx_word' id='word_1_144' title='bbox 858 2231 1076 2295; x_wconf 89' lang='lat' dir='ltr'>desideramus</span> <span class='ocrx_word' id='word_1_145' title='bbox 1105 2255 1182 2294; x_wconf 87' lang='lat' dir='ltr'>cura</span> <span class='ocrx_word' id='word_1_146' title='bbox 1201 2233 1368 2294; x_wconf 86' lang='lat' dir='ltr'>conlatum</span> <span class='ocrx_word' id='word_1_147' title='bbox 1389 2252 1458 2293; x_wconf 86' lang='lat' dir='ltr'>esse</span> 
     </span>
     <span class='ocr_line' id='line_1_19' title="bbox 291 2335 1457 2420; baseline -0.003 -18"><span class='ocrx_word' id='word_1_148' title='bbox 291 2337 445 2420; x_wconf 89' lang='lat' dir='ltr'>suspicari</span> <span class='ocrx_word' id='word_1_149' title='bbox 460 2335 563 2399; x_wconf 88' lang='lat' dir='ltr'>licuit.</span> <span class='ocrx_word' id='word_1_150' title='bbox 595 2337 656 2399; x_wconf 84' lang='lat' dir='ltr'>hac</span> <span class='ocrx_word' id='word_1_151' title='bbox 677 2360 802 2420; x_wconf 91' lang='lat' dir='ltr'>quoque</span> <span class='ocrx_word' id='word_1_152' title='bbox 824 2337 909 2400; x_wconf 92' lang='lat' dir='ltr'>inre</span> <span class='ocrx_word' id='word_1_153' title='bbox 930 2359 1053 2420; x_wconf 91' lang='lat' dir='ltr'>prome</span> <span class='ocrx_word' id='word_1_154' title='bbox 1075 2337 1293 2400; x_wconf 84' lang='lat' dir='ltr'>intercedente</span> <span class='ocrx_word' id='word_1_155' title='bbox 1308 2339 1457 2401; x_wconf 89' lang='lat' dir='ltr'>Gustauo</span> 
     </span>
     <span class='ocr_line' id='line_1_20' title="bbox 291 2442 1455 2526; baseline -0.003 -19"><span class='ocrx_word' id='word_1_156' title='bbox 291 2443 548 2518; x_wconf 87' lang='lat' dir='ltr'>Hartensteinio‚</span> <span class='ocrx_word' id='word_1_157' title='bbox 566 2465 662 2526; x_wconf 90' lang='lat' dir='ltr'>quem</span> <span class='ocrx_word' id='word_1_158' title='bbox 677 2455 800 2506; x_wconf 90' lang='lat' dir='ltr'>certum</span> <span class='ocrx_word' id='word_1_159' title='bbox 814 2443 850 2505; x_wconf 89' lang='lat' dir='ltr'>in</span> <span class='ocrx_word' id='word_1_160' title='bbox 864 2466 899 2505; x_wconf 89' lang='lat' dir='ltr'>re</span> <span class='ocrx_word' id='word_1_161' title='bbox 913 2443 1037 2506; x_wconf 88' lang='lat' dir='ltr'>incerta</span> <span class='ocrx_word' id='word_1_162' title='bbox 1051 2442 1190 2505; x_wconf 87' lang='lat' dir='ltr'>amicum</span> <span class='ocrx_word' id='word_1_163' title='bbox 1206 2453 1356 2525; x_wconf 87' lang='lat' dir='ltr'>expertus</span> <span class='ocrx_word' id='word_1_164' title='bbox 1372 2465 1455 2519; x_wconf 89' lang='lat' dir='ltr'>sum,</span> 
     </span>
     <span class='ocr_line' id='line_1_21' title="bbox 290 2548 1456 2634; baseline -0.001 -22"><span class='ocrx_word' id='word_1_165' title='bbox 290 2563 415 2634; x_wconf 86' lang='lat' dir='ltr'>praeter</span> <span class='ocrx_word' id='word_1_166' title='bbox 430 2548 649 2614; x_wconf 87' lang='lat' dir='ltr'>Nazarianum</span> <span class='ocrx_word' id='word_1_167' title='bbox 666 2550 767 2612; x_wconf 89' lang='lat' dir='ltr'>alium</span> <span class='ocrx_word' id='word_1_168' title='bbox 782 2572 909 2632; x_wconf 89' lang='lat' dir='ltr'>quoque</span> <span class='ocrx_word' id='word_1_169' title='bbox 931 2549 1019 2612; x_wconf 85' lang='lat' dir='ltr'>Flori</span> <span class='ocrx_word' id='word_1_170' title='bbox 1041 2550 1184 2612; x_wconf 88' lang='lat' dir='ltr'>codicem</span> <span class='ocrx_word' id='word_1_171' title='bbox 1198 2549 1408 2612; x_wconf 89' lang='lat' dir='ltr'>recentiorem</span> <span class='ocrx_word' id='word_1_172' title='bbox 1423 2561 1456 2611; x_wconf 89' lang='lat' dir='ltr'>et</span> 
     </span>
     <span class='ocr_line' id='line_1_22' title="bbox 292 2655 906 2739; baseline 0 -21"><span class='ocrx_word' id='word_1_173' title='bbox 292 2656 438 2718; x_wconf 91' lang='lat' dir='ltr'>Iordanis</span> <span class='ocrx_word' id='word_1_174' title='bbox 454 2655 619 2738; x_wconf 85' lang='lat' dir='ltr'>egregium</span> <span class='ocrx_word' id='word_1_175' title='bbox 634 2658 769 2719; x_wconf 86' lang='lat' dir='ltr'>utendos</span> <span class='ocrx_word' id='word_1_176' title='bbox 786 2656 906 2739; x_wconf 90' lang='lat' dir='ltr'>accepi.</span> 
     </span>
    </p>

    <p class='ocr_par' dir='ltr' id='par_1_4' title="bbox 256 2761 1537 4536">
     <span class='ocr_line' id='line_1_23' title="bbox 376 2761 1486 2844; baseline -0.002 -21"><span class='ocrx_word' id='word_1_177' title='bbox 376 2761 476 2823; x_wconf 83' lang='lat' dir='ltr'>Hisce</span> <span class='ocrx_word' id='word_1_178' title='bbox 499 2761 598 2842; x_wconf 84' lang='lat' dir='ltr'>igitur</span> <span class='ocrx_word' id='word_1_179' title='bbox 619 2762 823 2844; x_wconf 89' lang='lat' dir='ltr'>potissimum</span> <span class='ocrx_word' id='word_1_180' title='bbox 853 2764 1002 2827; x_wconf 90' lang='lat' dir='ltr'>subsidiis</span> <span class='ocrx_word' id='word_1_181' title='bbox 1027 2763 1157 2826; x_wconf 86' lang='lat' dir='ltr'>adiutus</span> <span class='ocrx_word' id='word_1_182' title='bbox 1180 2761 1267 2825; x_wconf 91' lang='lat' dir='ltr'>Flori</span> <span class='ocrx_word' id='word_1_183' title='bbox 1294 2762 1394 2823; x_wconf 88' lang='lat' dir='ltr'>uerba</span> <span class='ocrx_word' id='word_1_184' title='bbox 1417 2761 1459 2822; x_wconf 86' lang='lat' dir='ltr'>ad</span> <span class='ocrx_word' id='word_1_185' title='bbox 1483 2809 1486 2814; x_wconf 93' lang='lat'>.</span> 
     </span>
     <span class='ocr_line' id='line_1_24' title="bbox 291 2865 1457 2949; baseline -0.002 -21"><span class='ocrx_word' id='word_1_186' title='bbox 291 2865 415 2928; x_wconf 90' lang='lat' dir='ltr'>codices</span> <span class='ocrx_word' id='word_1_187' title='bbox 431 2868 702 2948; x_wconf 85' lang='lat' dir='ltr'>Bambergensem</span> <span class='ocrx_word' id='word_1_188' title='bbox 724 2879 819 2949; x_wconf 87' lang='lat' dir='ltr'>atque</span> <span class='ocrx_word' id='word_1_189' title='bbox 840 2868 1077 2945; x_wconf 87' lang='lat' dir='ltr'>Nazarianum‚</span> <span class='ocrx_word' id='word_1_190' title='bbox 1102 2869 1247 2931; x_wconf 85' lang='lat' dir='ltr'>adhibito</span> <span class='ocrx_word' id='word_1_191' title='bbox 1270 2865 1368 2928; x_wconf 90' lang='lat' dir='ltr'>etiam</span> <span class='ocrx_word' id='word_1_192' title='bbox 1389 2866 1457 2927; x_wconf 88' lang='lat' dir='ltr'>Ior-</span> 
     </span>
     <span class='ocr_line' id='line_1_25' title="bbox 292 2972 1459 3057; baseline -0.002 -23"><span class='ocrx_word' id='word_1_193' title='bbox 292 2975 387 3047; x_wconf 87' lang='lat' dir='ltr'>dane,</span> <span class='ocrx_word' id='word_1_194' title='bbox 405 2982 551 3034; x_wconf 89' lang='lat' dir='ltr'>accurate</span> <span class='ocrx_word' id='word_1_195' title='bbox 566 2973 712 3035; x_wconf 89' lang='lat' dir='ltr'>recensui</span> <span class='ocrx_word' id='word_1_196' title='bbox 735 2983 766 3035; x_wconf 89' lang='lat' dir='ltr'>et</span> <span class='ocrx_word' id='word_1_197' title='bbox 787 2996 869 3057; x_wconf 92' lang='lat' dir='ltr'>quae</span> <span class='ocrx_word' id='word_1_198' title='bbox 889 2975 997 3038; x_wconf 89' lang='lat' dir='ltr'>minus</span> <span class='ocrx_word' id='word_1_199' title='bbox 1018 2985 1104 3038; x_wconf 88' lang='lat' dir='ltr'>recte</span> <span class='ocrx_word' id='word_1_200' title='bbox 1125 2974 1244 3056; x_wconf 90' lang='lat' dir='ltr'>scripta</span> <span class='ocrx_word' id='word_1_201' title='bbox 1264 2972 1459 3034; x_wconf 89' lang='lat' dir='ltr'>uidebantur</span> 
     </span>
     <span class='ocr_line' id='line_1_26' title="bbox 293 3076 1459 3164; baseline 0.001 -26"><span class='ocrx_word' id='word_1_202' title='bbox 293 3078 461 3140; x_wconf 90' lang='lat' dir='ltr'>emendare</span> <span class='ocrx_word' id='word_1_203' title='bbox 477 3077 599 3140; x_wconf 91' lang='lat' dir='ltr'>studui.</span> <span class='ocrx_word' id='word_1_204' title='bbox 633 3087 703 3140; x_wconf 89' lang='lat' dir='ltr'>tum</span> <span class='ocrx_word' id='word_1_205' title='bbox 719 3081 849 3142; x_wconf 90' lang='lat' dir='ltr'>demum</span> <span class='ocrx_word' id='word_1_206' title='bbox 871 3103 910 3143; x_wconf 88' lang='lat' dir='ltr'>ea</span> <span class='ocrx_word' id='word_1_207' title='bbox 931 3103 1013 3164; x_wconf 85' lang='lat' dir='ltr'>quae</span> <span class='ocrx_word' id='word_1_208' title='bbox 1029 3103 1048 3143; x_wconf 87' lang='lat' dir='ltr'>a</span> <span class='ocrx_word' id='word_1_209' title='bbox 1062 3080 1141 3142; x_wconf 91' lang='lat' dir='ltr'>uiris</span> <span class='ocrx_word' id='word_1_210' title='bbox 1153 3079 1256 3142; x_wconf 89' lang='lat' dir='ltr'>doctis</span> <span class='ocrx_word' id='word_1_211' title='bbox 1271 3100 1288 3140; x_wconf 91' lang='lat' dir='ltr'>e</span> <span class='ocrx_word' id='word_1_212' title='bbox 1303 3076 1459 3141; x_wconf 89' lang='lat' dir='ltr'>recentio-</span> 
     </span>
     <span class='ocr_line' id='line_1_27' title="bbox 293 3182 1459 3268; baseline 0.002 -24"><span class='ocrx_word' id='word_1_213' title='bbox 293 3183 381 3244; x_wconf 89' lang='lat' dir='ltr'>ribus</span> <span class='ocrx_word' id='word_1_214' title='bbox 398 3182 560 3246; x_wconf 89' lang='lat' dir='ltr'>codicibus</span> <span class='ocrx_word' id='word_1_215' title='bbox 584 3194 679 3266; x_wconf 88' lang='lat' dir='ltr'>atque</span> <span class='ocrx_word' id='word_1_216' title='bbox 701 3184 844 3267; x_wconf 87' lang='lat' dir='ltr'>ipsorum</span> <span class='ocrx_word' id='word_1_217' title='bbox 866 3186 1050 3248; x_wconf 89' lang='lat' dir='ltr'>coniectura</span> <span class='ocrx_word' id='word_1_218' title='bbox 1073 3188 1114 3249; x_wconf 86' lang='lat' dir='ltr'>ad</span> <span class='ocrx_word' id='word_1_219' title='bbox 1136 3185 1322 3268; x_wconf 89' lang='lat' dir='ltr'>scriptorem</span> <span class='ocrx_word' id='word_1_220' title='bbox 1341 3184 1459 3247; x_wconf 89' lang='lat' dir='ltr'>rectius</span> 
     </span>
     <span class='ocr_line' id='line_1_28' title="bbox 294 3287 1457 3375; baseline 0 -24"><span class='ocrx_word' id='word_1_221' title='bbox 294 3287 556 3352; x_wconf 88' lang='lat' dir='ltr'>constituendum</span> <span class='ocrx_word' id='word_1_222' title='bbox 589 3290 696 3352; x_wconf 88' lang='lat' dir='ltr'>adlata</span> <span class='ocrx_word' id='word_1_223' title='bbox 725 3291 851 3374; x_wconf 90' lang='lat' dir='ltr'>repperi</span> <span class='ocrx_word' id='word_1_224' title='bbox 890 3292 1062 3375; x_wconf 85' lang='lat' dir='ltr'>diligenter</span> <span class='ocrx_word' id='word_1_225' title='bbox 1091 3291 1275 3354; x_wconf 86' lang='lat' dir='ltr'>examinata</span> <span class='ocrx_word' id='word_1_226' title='bbox 1300 3290 1335 3353; x_wconf 90' lang='lat' dir='ltr'>in</span> <span class='ocrx_word' id='word_1_227' title='bbox 1360 3310 1457 3352; x_wconf 90' lang='lat' dir='ltr'>usum</span> 
     </span>
     <span class='ocr_line' id='line_1_29' title="bbox 294 3381 1460 3480; baseline 0 -24"><span class='ocrx_word' id='word_1_228' title='bbox 294 3394 389 3457; x_wconf 87' lang='lat' dir='ltr'>uerti.</span> <span class='ocrx_word' id='word_1_229' title='bbox 421 3393 468 3456; x_wconf 86' lang='lat' dir='ltr'>ita</span> <span class='ocrx_word' id='word_1_230' title='bbox 482 3393 589 3457; x_wconf 86' lang='lat' dir='ltr'>uerbis</span> <span class='ocrx_word' id='word_1_231' title='bbox 605 3394 766 3477; x_wconf 86' lang='lat' dir='ltr'>scriptoris</span> <span class='ocrx_word' id='word_1_232' title='bbox 783 3397 950 3480; x_wconf 90' lang='lat' dir='ltr'>descriptis</span> <span class='ocrx_word' id='word_1_233' title='bbox 972 3407 1005 3459; x_wconf 88' lang='lat' dir='ltr'>et</span> <span class='ocrx_word' id='word_1_234' title='bbox 1026 3381 1182 3479; x_wconf 82' lang='lat' dir='ltr'>apparatu</span> <span class='ocrx_word' id='word_1_235' title='bbox 1203 3396 1314 3460; x_wconf 89' lang='lat' dir='ltr'>critico</span> <span class='ocrx_word' id='word_1_236' title='bbox 1335 3395 1460 3477; x_wconf 87' lang='lat' dir='ltr'>digesto</span> 
     </span>
     <span class='ocr_line' id='line_1_30' title="bbox 294 3498 1460 3586; baseline -0.001 -23"><span class='ocrx_word' id='word_1_237' title='bbox 294 3501 469 3564; x_wconf 89' lang='lat' dir='ltr'>amicorum</span> <span class='ocrx_word' id='word_1_238' title='bbox 484 3498 643 3562; x_wconf 88' lang='lat' dir='ltr'>auxilium</span> <span class='ocrx_word' id='word_1_239' title='bbox 658 3500 809 3564; x_wconf 86' lang='lat' dir='ltr'>adhibere</span> <span class='ocrx_word' id='word_1_240' title='bbox 824 3525 882 3584; x_wconf 88' lang='lat' dir='ltr'>par</span> <span class='ocrx_word' id='word_1_241' title='bbox 897 3503 1006 3565; x_wconf 90' lang='lat' dir='ltr'>uisum</span> <span class='ocrx_word' id='word_1_242' title='bbox 1021 3512 1080 3565; x_wconf 87' lang='lat' dir='ltr'>est.</span> <span class='ocrx_word' id='word_1_243' title='bbox 1112 3502 1221 3564; x_wconf 89' lang='lat' dir='ltr'>omnia</span> <span class='ocrx_word' id='word_1_244' title='bbox 1240 3502 1340 3586; x_wconf 84' lang='lat' dir='ltr'>igitur</span> <span class='ocrx_word' id='word_1_245' title='bbox 1355 3501 1460 3563; x_wconf 81' lang='lat' dir='ltr'>Theo-</span> 
     </span>
     <span class='ocr_line' id='line_1_31' title="bbox 295 3605 1461 3690; baseline -0.003 -20"><span class='ocrx_word' id='word_1_246' title='bbox 295 3610 371 3670; x_wconf 90' lang='lat' dir='ltr'>doro</span> <span class='ocrx_word' id='word_1_247' title='bbox 387 3605 601 3670; x_wconf 91' lang='lat' dir='ltr'>Mommsenio</span> <span class='ocrx_word' id='word_1_248' title='bbox 617 3606 752 3682; x_wconf 89' lang='lat' dir='ltr'>tradidi,</span> <span class='ocrx_word' id='word_1_249' title='bbox 771 3607 828 3690; x_wconf 93' lang='lat' dir='ltr'>qui</span> <span class='ocrx_word' id='word_1_250' title='bbox 843 3619 959 3671; x_wconf 87' lang='lat' dir='ltr'>cuncta</span> <span class='ocrx_word' id='word_1_251' title='bbox 984 3618 1130 3670; x_wconf 89' lang='lat' dir='ltr'>accurate</span> <span class='ocrx_word' id='word_1_252' title='bbox 1153 3608 1350 3690; x_wconf 83' lang='lat' dir='ltr'>perlustrans</span> <span class='ocrx_word' id='word_1_253' title='bbox 1366 3627 1461 3689; x_wconf 88' lang='lat' dir='ltr'>quae·</span> 
     </span>
     <span class='ocr_line' id='line_1_32' title="bbox 295 3711 1461 3794; baseline -0.002 -20"><span class='ocrx_word' id='word_1_254' title='bbox 295 3734 431 3794; x_wconf 92' lang='lat' dir='ltr'>cumque</span> <span class='ocrx_word' id='word_1_255' title='bbox 453 3712 561 3774; x_wconf 91' lang='lat' dir='ltr'>minus</span> <span class='ocrx_word' id='word_1_256' title='bbox 587 3722 671 3773; x_wconf 87' lang='lat' dir='ltr'>recte</span> <span class='ocrx_word' id='word_1_257' title='bbox 694 3733 712 3773; x_wconf 89' lang='lat' dir='ltr'>a</span> <span class='ocrx_word' id='word_1_258' title='bbox 737 3734 789 3774; x_wconf 90' lang='lat' dir='ltr'>me</span> <span class='ocrx_word' id='word_1_259' title='bbox 815 3714 1040 3777; x_wconf 86' lang='lat' dir='ltr'>administrata</span> <span class='ocrx_word' id='word_1_260' title='bbox 1065 3711 1260 3775; x_wconf 88' lang='lat' dir='ltr'>uidebantur</span> <span class='ocrx_word' id='word_1_261' title='bbox 1280 3711 1409 3774; x_wconf 90' lang='lat' dir='ltr'>notauit</span> <span class='ocrx_word' id='word_1_262' title='bbox 1428 3720 1461 3772; x_wconf 89' lang='lat' dir='ltr'>et</span> 
     </span>
     <span class='ocr_line' id='line_1_33' title="bbox 294 3815 1463 3901; baseline -0.001 -22"><span class='ocrx_word' id='word_1_263' title='bbox 294 3839 375 3900; x_wconf 89' lang='lat' dir='ltr'>quae</span> <span class='ocrx_word' id='word_1_264' title='bbox 390 3816 453 3898; x_wconf 90' lang='lat' dir='ltr'>ipsi</span> <span class='ocrx_word' id='word_1_265' title='bbox 467 3817 502 3878; x_wconf 92' lang='lat' dir='ltr'>in</span> <span class='ocrx_word' id='word_1_266' title='bbox 516 3825 658 3878; x_wconf 87' lang='lat' dir='ltr'>mentem</span> <span class='ocrx_word' id='word_1_267' title='bbox 674 3817 849 3882; x_wconf 89' lang='lat' dir='ltr'>ueniebant</span> <span class='ocrx_word' id='word_1_268' title='bbox 864 3819 1031 3901; x_wconf 83' lang='lat' dir='ltr'>adscripsit</span> <span class='ocrx_word' id='word_1_269' title='bbox 1038 3843 1048 3893; x_wconf 84' lang='lat'>3</span> <span class='ocrx_word' id='word_1_270' title='bbox 1068 3828 1137 3880; x_wconf 92' lang='lat' dir='ltr'>tum</span> <span class='ocrx_word' id='word_1_271' title='bbox 1144 3840 1194 3880; x_wconf 91' lang='lat' dir='ltr'>res</span> <span class='ocrx_word' id='word_1_272' title='bbox 1210 3818 1251 3879; x_wconf 90' lang='lat' dir='ltr'>ad</span> <span class='ocrx_word' id='word_1_273' title='bbox 1265 3815 1463 3881; x_wconf 85' lang='lat' dir='ltr'>Mauriciurn</span> 
     </span>
     <span class='ocr_line' id='line_1_34' title="bbox 295 3917 1459 4006; baseline -0.001 -22"><span class='ocrx_word' id='word_1_274' title='bbox 295 3917 480 4003; x_wconf 83' lang='lat' dir='ltr'>Hauptiur&#39;n</span> <span class='ocrx_word' id='word_1_275' title='bbox 495 3921 600 3984; x_wconf 88' lang='lat' dir='ltr'>delata</span> <span class='ocrx_word' id='word_1_276' title='bbox 616 3932 676 3997; x_wconf 81' lang='lat' dir='ltr'>est,</span> <span class='ocrx_word' id='word_1_277' title='bbox 694 3923 749 4005; x_wconf 92' lang='lat' dir='ltr'>qui</span> <span class='ocrx_word' id='word_1_278' title='bbox 768 3926 880 3987; x_wconf 85' lang='lat' dir='ltr'>eadem</span> <span class='ocrx_word' id='word_1_279' title='bbox 894 3925 1017 3988; x_wconf 87' lang='lat' dir='ltr'>ratione</span> <span class='ocrx_word' id='word_1_280' title='bbox 1034 3945 1115 4006; x_wconf 85' lang='lat' dir='ltr'>quae</span> <span class='ocrx_word' id='word_1_281' title='bbox 1129 3933 1266 4006; x_wconf 89' lang='lat' dir='ltr'>uterque</span> <span class='ocrx_word' id='word_1_282' title='bbox 1281 3920 1459 3985; x_wconf 88' lang='lat' dir='ltr'>elaboraui-</span> 
     </span>
     <span class='ocr_line' id='line_1_35' title="bbox 256 4027 1462 4112; baseline -0.005 -19"><span class='ocrx_word' id='word_1_283' title='bbox 256 4086 258 4093; x_wconf 81' lang='grc'>,</span> <span class='ocrx_word' id='word_1_284' title='bbox 293 4049 366 4090; x_wconf 90' lang='lat' dir='ltr'>mus</span> <span class='ocrx_word' id='word_1_285' title='bbox 380 4027 551 4090; x_wconf 87' lang='lat' dir='ltr'>recensuit.</span> <span class='ocrx_word' id='word_1_286' title='bbox 583 4028 715 4091; x_wconf 89' lang='lat' dir='ltr'>tertium</span> <span class='ocrx_word' id='word_1_287' title='bbox 736 4029 786 4093; x_wconf 92' lang='lat' dir='ltr'>his</span> <span class='ocrx_word' id='word_1_288' title='bbox 802 4053 836 4093; x_wconf 91' lang='lat' dir='ltr'>se</span> <span class='ocrx_word' id='word_1_289' title='bbox 851 4032 985 4094; x_wconf 88' lang='lat' dir='ltr'>Carolus</span> <span class='ocrx_word' id='word_1_290' title='bbox 1007 4028 1223 4112; x_wconf 85' lang='lat' dir='ltr'>Nipperdeius</span> <span class='ocrx_word' id='word_1_291' title='bbox 1250 4027 1462 4093; x_wconf 87' lang='lat' dir='ltr'>adiuncturus</span> 
     </span>
     <span class='ocr_line' id='line_1_36' title="bbox 295 4135 1463 4217; baseline -0.003 -22"><span class='ocrx_word' id='word_1_292' title='bbox 295 4142 381 4208; x_wconf 82' lang='lat' dir='ltr'>erat3</span> <span class='ocrx_word' id='word_1_293' title='bbox 414 4154 527 4196; x_wconf 89' lang='lat' dir='ltr'>uerum</span> <span class='ocrx_word' id='word_1_294' title='bbox 550 4135 664 4196; x_wconf 88' lang='lat' dir='ltr'>lenam</span> <span class='ocrx_word' id='word_1_295' title='bbox 679 4146 831 4205; x_wconf 79' lang='lat' dir='ltr'>euocatus</span> <span class='ocrx_word' id='word_1_296' title='bbox 863 4137 958 4199; x_wconf 91' lang='lat' dir='ltr'>Floro</span> <span class='ocrx_word' id='word_1_297' title='bbox 985 4157 1116 4217; x_wconf 83' lang='lat' dir='ltr'>operam</span> <span class='ocrx_word' id='word_1_298' title='bbox 1138 4157 1252 4211; x_wconf 89' lang='lat' dir='ltr'>suam,</span> <span class='ocrx_word' id='word_1_299' title='bbox 1283 4155 1366 4216; x_wconf 89' lang='lat' dir='ltr'>quae</span> <span class='ocrx_word' id='word_1_300' title='bbox 1386 4152 1463 4193; x_wconf 86' lang='lat' dir='ltr'>sane</span> 
     </span>
     <span class='ocr_line' id='line_1_37' title="bbox 295 4239 1462 4324; baseline -0.001 -24"><span class='ocrx_word' id='word_1_301' title='bbox 295 4260 392 4322; x_wconf 89' lang='lat' dir='ltr'>quarn</span> <span class='ocrx_word' id='word_1_302' title='bbox 406 4239 546 4301; x_wconf 86' lang='lat' dir='ltr'>maxime</span> <span class='ocrx_word' id='word_1_303' title='bbox 562 4241 710 4303; x_wconf 88' lang='lat' dir='ltr'>salutaris</span> <span class='ocrx_word' id='word_1_304' title='bbox 726 4241 859 4318; x_wconf 86' lang='lat' dir='ltr'>fuisset,</span> <span class='ocrx_word' id='word_1_305' title='bbox 881 4251 1042 4324; x_wconf 87' lang='lat' dir='ltr'>praestare</span> <span class='ocrx_word' id='word_1_306' title='bbox 1064 4263 1131 4303; x_wconf 89' lang='lat' dir='ltr'>non</span> <span class='ocrx_word' id='word_1_307' title='bbox 1145 4240 1263 4324; x_wconf 87' lang='lat' dir='ltr'>potuit.</span> <span class='ocrx_word' id='word_1_308' title='bbox 1302 4239 1369 4300; x_wconf 85' lang='lat' dir='ltr'>iam</span> <span class='ocrx_word' id='word_1_309' title='bbox 1383 4258 1462 4300; x_wconf 92' lang='lat' dir='ltr'>uero</span> 
     </span>
     <span class='ocr_line' id='line_1_38' title="bbox 294 4341 1463 4429; baseline -0.002 -22"><span class='ocrx_word' id='word_1_310' title='bbox 294 4355 400 4407; x_wconf 85' lang='lat' dir='ltr'>totum</span> <span class='ocrx_word' id='word_1_311' title='bbox 415 4366 494 4427; x_wconf 90' lang='lat' dir='ltr'>opus</span> <span class='ocrx_word' id='word_1_312' title='bbox 509 4356 583 4428; x_wconf 89' lang='lat' dir='ltr'>post</span> <span class='ocrx_word' id='word_1_313' title='bbox 604 4346 811 4410; x_wconf 88' lang='lat' dir='ltr'>Mommsenii</span> <span class='ocrx_word' id='word_1_314' title='bbox 835 4346 1040 4429; x_wconf 87' lang='lat' dir='ltr'>Hauptiique</span> <span class='ocrx_word' id='word_1_315' title='bbox 1062 4368 1156 4409; x_wconf 84' lang='lat' dir='ltr'>curas</span> <span class='ocrx_word' id='word_1_316' title='bbox 1179 4348 1218 4408; x_wconf 93' lang='lat' dir='ltr'>de</span> <span class='ocrx_word' id='word_1_317' title='bbox 1240 4344 1368 4426; x_wconf 87' lang='lat' dir='ltr'>integro</span> <span class='ocrx_word' id='word_1_318' title='bbox 1390 4341 1463 4406; x_wconf 90' lang='lat' dir='ltr'>dili·</span> 
     </span>
     <span class='ocr_line' id='line_1_39' title="bbox 293 4442 1537 4536; baseline -0.002 -24"><span class='ocrx_word' id='word_1_319' title='bbox 293 4461 432 4532; x_wconf 87' lang='lat' dir='ltr'>gentera</span> <span class='ocrx_word' id='word_1_320' title='bbox 443 4473 494 4513; x_wconf 89' lang='lat' dir='ltr'>me</span> <span class='ocrx_word' id='word_1_321' title='bbox 506 4461 713 4515; x_wconf 89' lang='lat' dir='ltr'>retractatum</span> <span class='ocrx_word' id='word_1_322' title='bbox 721 4453 920 4536; x_wconf 86' lang='lat' dir='ltr'>typographo</span> <span class='ocrx_word' id='word_1_323' title='bbox 929 4452 1056 4516; x_wconf 89' lang='lat' dir='ltr'>tradidi.</span> <span class='ocrx_word' id='word_1_324' title='bbox 1075 4452 1220 4534; x_wconf 88' lang='lat' dir='ltr'>singulas</span> <span class='ocrx_word' id='word_1_325' title='bbox 1227 4442 1464 4533; x_wconf 79' lang='lat' dir='ltr'>plagulasinter</span> <span class='ocrx_word' id='word_1_326' title='bbox 1531 4493 1537 4501; x_wconf 79' lang='lat'><em>-</em></span> 
     </span>
    </p>
   </div>
   <div class='ocr_carea' id='block_1_3' title="bbox 0 0 1662 5084">
    <p class='ocr_par' dir='ltr' id='par_1_5' title="bbox 0 0 1662 5084">
     <span class='ocr_line' id='line_1_40' title="bbox 0 0 1662 5084; baseline 0 0"><span class='ocrx_word' id='word_1_327' title='bbox 0 0 1662 5084; x_wconf 95' lang='lat' dir='ltr'> </span> 
     </span>
    </p>
   </div>
  </div>
 </body>
</html>
