<?xml version="1.0" encoding="UTF-8"?>
<!DOCTYPE html PUBLIC "-//W3C//DTD XHTML 1.0 Transitional//EN"
    "http://www.w3.org/TR/xhtml1/DTD/xhtml1-transitional.dtd">
<html xmlns="http://www.w3.org/1999/xhtml" xml:lang="en" lang="en">
 <head>
  <title>
</title>
<meta http-equiv="Content-Type" content="text/html;charset=utf-8" />
  <meta name='ocr-system' content='tesseract 3.04.00' />
  <meta name='ocr-capabilities' content='ocr_page ocr_carea ocr_par ocr_line ocrx_word'/>
</head>
<body>
  <div class='ocr_page' id='page_1' title='image "./ivlifloriepitom00jahngoog_0078.png"; bbox 0 0 3300 5084; ppageno 0'>
   <div class='ocr_carea' id='block_1_1' title="bbox 278 312 951 392">
    <p class='ocr_par' dir='ltr' id='par_1_1' title="bbox 278 312 951 392">
     <span class='ocr_line' id='line_1_1' title="bbox 278 312 951 392; baseline 0.003 -22"><span class='ocrx_word' id='word_1_1' title='bbox 278 312 319 370; x_wconf 85' lang='grc'>24</span> <span class='ocrx_word' id='word_1_2' title='bbox 701 337 705 346; x_wconf 93' lang='grc'><strong><em>·</em></strong></span> <span class='ocrx_word' id='word_1_3' title='bbox 768 330 951 392; x_wconf 74' lang='grc'>1111111111</span> 
     </span>
    </p>
   </div>
   <div class='ocr_carea' id='block_1_2' title="bbox 205 476 1477 1709">
    <p class='ocr_par' dir='ltr' id='par_1_2' title="bbox 205 476 1477 1709">
     <span class='ocr_line' id='line_1_2' title="bbox 278 476 1469 558; baseline 0.002 -20"><span class='ocrx_word' id='word_1_4' title='bbox 278 481 386 546; x_wconf 84' lang='lat' dir='ltr'>catum</span> <span class='ocrx_word' id='word_1_5' title='bbox 401 484 460 538; x_wconf 89' lang='lat' dir='ltr'>est.</span> <span class='ocrx_word' id='word_1_6' title='bbox 484 476 601 558; x_wconf 81' lang='lat' dir='ltr'><strong>quippe</strong></span> <span class='ocrx_word' id='word_1_7' title='bbox 615 487 689 558; x_wconf 87' lang='lat' dir='ltr'>post</span> <span class='ocrx_word' id='word_1_8' title='bbox 709 476 847 557; x_wconf 82' lang='lat' dir='ltr'><strong>primam</strong></span> <span class='ocrx_word' id='word_1_9' title='bbox 861 477 1029 540; x_wconf 88' lang='lat' dir='ltr'>uictoriam</span> <span class='ocrx_word' id='word_1_10' title='bbox 1043 477 1208 543; x_wconf 86' lang='lat' dir='ltr'>intellecta</span> <span class='ocrx_word' id='word_1_11' title='bbox 1221 479 1272 541; x_wconf 90' lang='lat' dir='ltr'>uir</span> <span class='ocrx_word' id='word_1_12' title='bbox 1287 477 1421 542; x_wconf 89' lang='lat' dir='ltr'>callidus</span> <span class='ocrx_word' id='word_1_13' title='bbox 1444 479 1469 540; x_wconf 94' lang='grc' dir='ltr'><em>Ι</em></span> 
     </span>
     <span class='ocr_line' id='line_1_3' title="bbox 277 572 1421 664; baseline 0.003 -21"><span class='ocrx_word' id='word_1_14' title='bbox 277 581 398 643; x_wconf 87' lang='lat' dir='ltr'>uirtute</span> <span class='ocrx_word' id='word_1_15' title='bbox 413 581 560 641; x_wconf 87' lang='lat' dir='ltr'>Romana</span> <span class='ocrx_word' id='word_1_16' title='bbox 574 579 683 642; x_wconf 88' lang='lat' dir='ltr'>statim</span> <span class='ocrx_word' id='word_1_17' title='bbox 697 581 878 662; x_wconf 88' lang='lat' dir='ltr'>desperauit</span> <span class='ocrx_word' id='word_1_18' title='bbox 893 572 992 645; x_wconf 82' lang='lat' dir='ltr'>armis</span> <span class='ocrx_word' id='word_1_19' title='bbox 1003 604 1099 664; x_wconf 87' lang='lat' dir='ltr'>seque</span> <span class='ocrx_word' id='word_1_20' title='bbox 1114 585 1156 644; x_wconf 85' lang='lat' dir='ltr'>ad</span> <span class='ocrx_word' id='word_1_21' title='bbox 1170 584 1258 645; x_wconf 90' lang='lat' dir='ltr'>dolos</span> <span class='ocrx_word' id='word_1_22' title='bbox 1274 583 1421 646; x_wconf 87' lang='lat' dir='ltr'>contulit.</span> 
     </span>
     <span class='ocr_line' id='line_1_4' title="bbox 278 683 1427 770; baseline 0.004 -25"><span class='ocrx_word' id='word_1_23' title='bbox 278 707 354 746; x_wconf 90' lang='lat' dir='ltr'>nam</span> <span class='ocrx_word' id='word_1_24' title='bbox 379 683 585 766; x_wconf 89' lang='lat' dir='ltr'>interemptos</span> <span class='ocrx_word' id='word_1_25' title='bbox 611 685 783 760; x_wconf 87' lang='lat' dir='ltr'>cremauit,</span> <span class='ocrx_word' id='word_1_26' title='bbox 809 686 1016 769; x_wconf 88' lang='lat' dir='ltr'>captiuosque</span> <span class='ocrx_word' id='word_1_27' title='bbox 1038 687 1243 770; x_wconf 84' lang='lat' dir='ltr'>indulgenter</span> <span class='ocrx_word' id='word_1_28' title='bbox 1264 688 1378 750; x_wconf 79' lang='lat' dir='ltr'>habuit</span> <span class='ocrx_word' id='word_1_29' title='bbox 1394 699 1427 750; x_wconf 91' lang='lat' dir='ltr'>et</span> 
     </span>
     <span class='ocr_line' id='line_1_5' title="bbox 280 772 1424 873; baseline 0.003 -23"><span class='ocrx_word' id='word_1_30' title='bbox 280 788 348 851; x_wconf 78' lang='lat' dir='ltr'>sine</span> <span class='ocrx_word' id='word_1_31' title='bbox 368 788 469 870; x_wconf 90' lang='lat' dir='ltr'>pretio</span> <span class='ocrx_word' id='word_1_32' title='bbox 484 788 648 864; x_wconf 80' lang='lat' dir='ltr'>restituit,¹</span> <span class='ocrx_word' id='word_1_33' title='bbox 659 772 829 872; x_wconf 81' lang='lat' dir='ltr'>missisque</span> <span class='ocrx_word' id='word_1_34' title='bbox 841 789 955 873; x_wconf 88' lang='lat' dir='ltr'>legatis</span> <span class='ocrx_word' id='word_1_35' title='bbox 970 790 1005 852; x_wconf 91' lang='lat' dir='ltr'>in</span> <span class='ocrx_word' id='word_1_36' title='bbox 1020 793 1131 854; x_wconf 88' lang='lat' dir='ltr'>urbem</span> <span class='ocrx_word' id='word_1_37' title='bbox 1152 792 1240 855; x_wconf 92' lang='lat' dir='ltr'>omni</span> <span class='ocrx_word' id='word_1_38' title='bbox 1260 781 1356 856; x_wconf 85' lang='lat' dir='ltr'>modo</span> <span class='ocrx_word' id='word_1_39' title='bbox 1371 793 1424 854; x_wconf 83' lang='lat' dir='ltr'>ad·</span> 
     </span>
     <span class='ocr_line' id='line_1_6' title="bbox 278 882 1459 984; baseline 0.004 -29"><span class='ocrx_word' id='word_1_40' title='bbox 278 893 367 957; x_wconf 89' lang='lat' dir='ltr'>nisus</span> <span class='ocrx_word' id='word_1_41' title='bbox 384 902 431 984; x_wconf 87' lang='lat' dir='ltr'>est</span> <span class='ocrx_word' id='word_1_42' title='bbox 474 903 487 956; x_wconf 94' lang='lat' dir='ltr'>t</span> <span class='ocrx_word' id='word_1_43' title='bbox 507 893 590 955; x_wconf 87' lang='lat' dir='ltr'>facto</span> <span class='ocrx_word' id='word_1_44' title='bbox 611 893 735 956; x_wconf 88' lang='lat' dir='ltr'>foedere</span> <span class='ocrx_word' id='word_1_45' title='bbox 750 893 785 972; x_wconf 89' lang='lat' dir='ltr'>in</span> <span class='ocrx_word' id='word_1_46' title='bbox 800 895 974 979; x_wconf 85' lang='lat' dir='ltr'>amicitiam</span> <span class='ocrx_word' id='word_1_47' title='bbox 988 895 1189 977; x_wconf 77' lang='lat' dir='ltr'><strong>reciperetur.</strong></span> <span class='ocrx_word' id='word_1_48' title='bbox 1213 899 1316 959; x_wconf 88' lang='lat' dir='ltr'>sedet</span> <span class='ocrx_word' id='word_1_49' title='bbox 1336 882 1422 960; x_wconf 84' lang='lat' dir='ltr'>bello</span> <span class='ocrx_word' id='word_1_50' title='bbox 1444 910 1459 959; x_wconf 84' lang='grc'>5</span> 
     </span>
     <span class='ocr_line' id='line_1_7' title="bbox 205 997 1425 1086; baseline 0.003 -26"><span class='ocrx_word' id='word_1_51' title='bbox 205 1009 209 1013; x_wconf 78' lang='grc'>’</span> <span class='ocrx_word' id='word_1_52' title='bbox 273 1001 399 1080; x_wconf 68' lang='grc' dir='ltr'>ι9111199</span> <span class='ocrx_word' id='word_1_53' title='bbox 414 997 535 1086; x_wconf 83' lang='lat' dir='ltr'>etforis</span> <span class='ocrx_word' id='word_1_54' title='bbox 551 1007 583 1060; x_wconf 90' lang='lat' dir='ltr'>et</span> <span class='ocrx_word' id='word_1_55' title='bbox 598 997 684 1060; x_wconf 93' lang='lat' dir='ltr'>domi</span> <span class='ocrx_word' id='word_1_56' title='bbox 699 1020 827 1061; x_wconf 89' lang='lat' dir='ltr'>omnem</span> <span class='ocrx_word' id='word_1_57' title='bbox 841 999 877 1061; x_wconf 90' lang='lat' dir='ltr'>in</span> <span class='ocrx_word' id='word_1_58' title='bbox 890 1010 1013 1082; x_wconf 88' lang='lat' dir='ltr'>partem</span> <span class='ocrx_word' id='word_1_59' title='bbox 1027 1002 1176 1064; x_wconf 88' lang='lat' dir='ltr'>Romana</span> <span class='ocrx_word' id='word_1_60' title='bbox 1187 1001 1290 1063; x_wconf 90' lang='lat' dir='ltr'>uirtus</span> <span class='ocrx_word' id='word_1_61' title='bbox 1303 1012 1374 1063; x_wconf 91' lang='lat' dir='ltr'>tum</span> <span class='ocrx_word' id='word_1_62' title='bbox 1391 1024 1425 1064; x_wconf 88' lang='lat' dir='ltr'>se</span> 
     </span>
     <span class='ocr_line' id='line_1_8' title="bbox 280 1101 1425 1185; baseline 0.003 -20"><span class='ocrx_word' id='word_1_63' title='bbox 280 1101 469 1184; x_wconf 85' lang='lat' dir='ltr'>adprobauit</span> <span class='ocrx_word' id='word_1_64' title='bbox 478 1149 489 1178; x_wconf 90' lang='lat'><strong><em>,</em></strong></span> <span class='ocrx_word' id='word_1_65' title='bbox 516 1125 576 1164; x_wconf 89' lang='lat' dir='ltr'>nec</span> <span class='ocrx_word' id='word_1_66' title='bbox 598 1101 662 1165; x_wconf 87' lang='lat' dir='ltr'>alia</span> <span class='ocrx_word' id='word_1_67' title='bbox 683 1102 785 1185; x_wconf 87' lang='lat' dir='ltr'>magis</span> <span class='ocrx_word' id='word_1_68' title='bbox 811 1126 908 1185; x_wconf 90' lang='lat' dir='ltr'>quam</span> <span class='ocrx_word' id='word_1_69' title='bbox 930 1104 1106 1167; x_wconf 87' lang='lat' dir='ltr'>Tarentina</span> <span class='ocrx_word' id='word_1_70' title='bbox 1127 1105 1263 1167; x_wconf 89' lang='lat' dir='ltr'>uictoria</span> <span class='ocrx_word' id='word_1_71' title='bbox 1284 1105 1425 1168; x_wconf 75' lang='lat' dir='ltr'><strong>ostendit</strong></span> 
     </span>
     <span class='ocr_line' id='line_1_9' title="bbox 279 1207 1423 1292; baseline 0.002 -22"><span class='ocrx_word' id='word_1_72' title='bbox 279 1208 390 1290; x_wconf 85' lang='lat' dir='ltr'>populi¹</span> <span class='ocrx_word' id='word_1_73' title='bbox 404 1207 544 1290; x_wconf 82' lang='lat' dir='ltr'>Romani</span> <span class='ocrx_word' id='word_1_74' title='bbox 558 1207 796 1283; x_wconf 83' lang='lat' dir='ltr'>fortitudinem,</span> <span class='ocrx_word' id='word_1_75' title='bbox 820 1219 956 1272; x_wconf 83' lang='lat' dir='ltr'>senatus</span> <span class='ocrx_word' id='word_1_76' title='bbox 972 1209 1180 1291; x_wconf 86' lang='lat' dir='ltr'>sapientiam,</span> <span class='ocrx_word' id='word_1_77' title='bbox 1203 1211 1321 1272; x_wconf 89' lang='lat' dir='ltr'>ducum</span> <span class='ocrx_word' id='word_1_78' title='bbox 1335 1232 1423 1292; x_wconf 85' lang='lat' dir='ltr'>mag·</span> 
     </span>
     <span class='ocr_line' id='line_1_10' title="bbox 280 1306 1475 1399; baseline 0.003 -25"><span class='ocrx_word' id='word_1_79' title='bbox 280 1306 540 1374; x_wconf 69' lang='lat' dir='ltr'>nanimitatem.u</span> <span class='ocrx_word' id='word_1_80' title='bbox 592 1311 725 1394; x_wconf 87' lang='lat' dir='ltr'>quinam</span> <span class='ocrx_word' id='word_1_81' title='bbox 750 1311 800 1378; x_wconf 92' lang='lat' dir='ltr'>illi</span> <span class='ocrx_word' id='word_1_82' title='bbox 825 1313 956 1375; x_wconf 83' lang='lat' dir='ltr'>fuenmt</span> <span class='ocrx_word' id='word_1_83' title='bbox 980 1314 1043 1378; x_wconf 88' lang='lat' dir='ltr'>uiri</span> <span class='ocrx_word' id='word_1_84' title='bbox 1078 1336 1156 1396; x_wconf 87' lang='lat' dir='ltr'>quos</span> <span class='ocrx_word' id='word_1_85' title='bbox 1183 1315 1223 1376; x_wconf 87' lang='lat' dir='ltr'>ab</span> <span class='ocrx_word' id='word_1_86' title='bbox 1249 1313 1475 1399; x_wconf 89' lang='lat' dir='ltr'>elephantis[l]</span> 
     </span>
     <span class='ocr_line' id='line_1_11' title="bbox 280 1415 1477 1500; baseline 0.002 -22"><span class='ocrx_word' id='word_1_87' title='bbox 280 1417 382 1499; x_wconf 92' lang='lat' dir='ltr'>primo</span> <span class='ocrx_word' id='word_1_88' title='bbox 396 1416 515 1498; x_wconf 90' lang='lat' dir='ltr'>proelio</span> <span class='ocrx_word' id='word_1_89' title='bbox 535 1415 666 1479; x_wconf 90' lang='lat' dir='ltr'>obtritos</span> <span class='ocrx_word' id='word_1_90' title='bbox 682 1416 882 1498; x_wconf 75' lang='lat' dir='ltr'>accepimus?</span> <span class='ocrx_word' id='word_1_91' title='bbox 905 1417 1050 1480; x_wconf 92' lang='lat' dir='ltr'>omnium</span> <span class='ocrx_word' id='word_1_92' title='bbox 1070 1419 1206 1480; x_wconf 88' lang='lat' dir='ltr'>uulnera</span> <span class='ocrx_word' id='word_1_93' title='bbox 1227 1418 1263 1480; x_wconf 91' lang='lat' dir='ltr'>in</span> <span class='ocrx_word' id='word_1_94' title='bbox 1283 1430 1421 1500; x_wconf 87' lang='lat' dir='ltr'>pectore,</span> <span class='ocrx_word' id='word_1_95' title='bbox 1445 1431 1477 1480; x_wconf 87' lang='lat'>10</span> 
     </span>
     <span class='ocr_line' id='line_1_12' title="bbox 281 1508 1424 1604; baseline 0.002 -20"><span class='ocrx_word' id='word_1_96' title='bbox 281 1508 412 1604; x_wconf 83' lang='lat' dir='ltr'>quidam</span> <span class='ocrx_word' id='word_1_97' title='bbox 423 1521 571 1583; x_wconf 89' lang='lat' dir='ltr'>hostibus</span> <span class='ocrx_word' id='word_1_98' title='bbox 587 1521 653 1582; x_wconf 89' lang='lat' dir='ltr'>suis</span> <span class='ocrx_word' id='word_1_99' title='bbox 668 1531 770 1583; x_wconf 90' lang='lat' dir='ltr'>morte</span> <span class='ocrx_word' id='word_1_100' title='bbox 786 1542 845 1583; x_wconf 91' lang='lat' dir='ltr'>sua</span> <span class='ocrx_word' id='word_1_101' title='bbox 859 1522 1049 1598; x_wconf 89' lang='lat' dir='ltr'>conmortui,</span> <span class='ocrx_word' id='word_1_102' title='bbox 1066 1523 1260 1586; x_wconf 77' lang='lat' dir='ltr'>omniumu&#39;n</span> <span class='ocrx_word' id='word_1_103' title='bbox 1274 1524 1424 1586; x_wconf 88' lang='lat' dir='ltr'>manibus</span> 
     </span>
     <span class='ocr_line' id='line_1_13' title="bbox 281 1624 1417 1709; baseline 0 -21"><span class='ocrx_word' id='word_1_104' title='bbox 281 1626 378 1701; x_wconf 78' lang='lat' dir='ltr'>cusia,</span> <span class='ocrx_word' id='word_1_105' title='bbox 389 1635 427 1688; x_wconf 84' lang='lat' dir='ltr'>et</span> <span class='ocrx_word' id='word_1_106' title='bbox 441 1624 569 1686; x_wconf 88' lang='lat' dir='ltr'>relictae</span> <span class='ocrx_word' id='word_1_107' title='bbox 584 1624 619 1685; x_wconf 94' lang='lat' dir='ltr'>in</span> <span class='ocrx_word' id='word_1_108' title='bbox 633 1625 775 1687; x_wconf 86' lang='lat' dir='ltr'>uoltibus</span> <span class='ocrx_word' id='word_1_109' title='bbox 789 1625 908 1702; x_wconf 88' lang='lat' dir='ltr'>minae,</span> <span class='ocrx_word' id='word_1_110' title='bbox 926 1638 958 1690; x_wconf 88' lang='lat' dir='ltr'>et</span> <span class='ocrx_word' id='word_1_111' title='bbox 972 1627 1008 1689; x_wconf 90' lang='lat' dir='ltr'>in</span> <span class='ocrx_word' id='word_1_112' title='bbox 1021 1627 1091 1709; x_wconf 91' lang='lat' dir='ltr'>ipsa</span> <span class='ocrx_word' id='word_1_113' title='bbox 1101 1639 1202 1691; x_wconf 90' lang='lat' dir='ltr'>morte</span> <span class='ocrx_word' id='word_1_114' title='bbox 1212 1628 1260 1689; x_wconf 90' lang='lat' dir='ltr'>ira</span> <span class='ocrx_word' id='word_1_115' title='bbox 1274 1628 1417 1689; x_wconf 90' lang='lat' dir='ltr'>uiuebat.</span> 
     </span>
    </p>
   </div>
   <div class='ocr_carea' id='block_1_3' title="bbox 170 1726 1493 1814">
    <p class='ocr_par' dir='ltr' id='par_1_3' title="bbox 170 1726 1493 1814">
     <span class='ocr_line' id='line_1_14' title="bbox 170 1726 1493 1814; baseline -0.002 -20"><span class='ocrx_word' id='word_1_116' title='bbox 170 1727 174 1742; x_wconf 75' lang='grc'><em>’</em></span> <span class='ocrx_word' id='word_1_117' title='bbox 282 1733 367 1814; x_wconf 91' lang='lat' dir='ltr'>quod</span> <span class='ocrx_word' id='word_1_118' title='bbox 390 1732 468 1793; x_wconf 91' lang='lat' dir='ltr'>adeo</span> <span class='ocrx_word' id='word_1_119' title='bbox 483 1729 625 1811; x_wconf 84' lang='lat' dir='ltr'><strong>Pyrrhus</strong></span> <span class='ocrx_word' id='word_1_120' title='bbox 648 1729 781 1810; x_wconf 90' lang='lat' dir='ltr'>miratus</span> <span class='ocrx_word' id='word_1_121' title='bbox 804 1739 853 1792; x_wconf 90' lang='lat' dir='ltr'>est</span> <span class='ocrx_word' id='word_1_122' title='bbox 873 1741 911 1793; x_wconf 91' lang='lat' dir='ltr'>ut</span> <span class='ocrx_word' id='word_1_123' title='bbox 932 1731 1050 1794; x_wconf 89' lang='lat' dir='ltr'>diceret</span> <span class='ocrx_word' id='word_1_124' title='bbox 1069 1726 1103 1794; x_wconf 78' lang='lat' dir='ltr'>‘o</span> <span class='ocrx_word' id='word_1_125' title='bbox 1124 1754 1220 1814; x_wconf 88' lang='lat' dir='ltr'>quam</span> <span class='ocrx_word' id='word_1_126' title='bbox 1239 1730 1332 1792; x_wconf 88' lang='lat' dir='ltr'>facile</span> <span class='ocrx_word' id='word_1_127' title='bbox 1357 1741 1424 1813; x_wconf 88' lang='lat' dir='ltr'>erat</span> <span class='ocrx_word' id='word_1_128' title='bbox 1490 1729 1493 1732; x_wconf 68' lang='grc'><strong><em>’</em></strong></span> 
     </span>
    </p>
   </div>
   <div class='ocr_carea' id='block_1_4' title="bbox 278 1819 1532 3482">
    <p class='ocr_par' dir='ltr' id='par_1_4' title="bbox 278 1819 1532 3482">
     <span class='ocr_line' id='line_1_15' title="bbox 281 1819 1423 1916; baseline -0.001 -19"><span class='ocrx_word' id='word_1_129' title='bbox 281 1835 365 1898; x_wconf 90' lang='lat' dir='ltr'>orbis</span> <span class='ocrx_word' id='word_1_130' title='bbox 380 1834 549 1916; x_wconf 90' lang='lat' dir='ltr'>imperium</span> <span class='ocrx_word' id='word_1_131' title='bbox 564 1855 728 1916; x_wconf 87' lang='lat' dir='ltr'>occupare,</span> <span class='ocrx_word' id='word_1_132' title='bbox 746 1843 802 1896; x_wconf 91' lang='lat' dir='ltr'>aut</span> <span class='ocrx_word' id='word_1_133' title='bbox 815 1834 897 1896; x_wconf 91' lang='lat' dir='ltr'>mihi</span> <span class='ocrx_word' id='word_1_134' title='bbox 912 1835 1067 1898; x_wconf 89' lang='lat' dir='ltr'>Romanis</span> <span class='ocrx_word' id='word_1_135' title='bbox 1082 1835 1239 1898; x_wconf 82' lang='lat' dir='ltr'>militibus</span> <span class='ocrx_word' id='word_1_136' title='bbox 1253 1819 1349 1910; x_wconf 83' lang='lat' dir='ltr'>datis,</span> <span class='ocrx_word' id='word_1_137' title='bbox 1366 1844 1423 1897; x_wconf 89' lang='lat' dir='ltr'>aut</span> 
     </span>
     <span class='ocr_line' id='line_1_16' title="bbox 281 1930 1475 2022; baseline -0.002 -20"><span class='ocrx_word' id='word_1_138' title='bbox 281 1961 333 2002; x_wconf 90' lang='lat' dir='ltr'>me</span> <span class='ocrx_word' id='word_1_139' title='bbox 347 1960 420 2020; x_wconf 86' lang='lat' dir='ltr'>rege</span> <span class='ocrx_word' id='word_1_140' title='bbox 442 1930 632 2001; x_wconf 74' lang='grc'>1101111111&gt;</span> <span class='ocrx_word' id='word_1_141' title='bbox 655 1961 737 2020; x_wconf 93' lang='lat' dir='ltr'>quae</span> <span class='ocrx_word' id='word_1_142' title='bbox 759 1948 868 2000; x_wconf 90' lang='lat' dir='ltr'>autem</span> <span class='ocrx_word' id='word_1_143' title='bbox 890 1961 1017 2015; x_wconf 91' lang='lat' dir='ltr'>eorum,</span> <span class='ocrx_word' id='word_1_144' title='bbox 1044 1939 1100 2022; x_wconf 93' lang='lat' dir='ltr'>qui</span> <span class='ocrx_word' id='word_1_145' title='bbox 1120 1939 1362 2021; x_wconf 77' lang='lat' dir='ltr'>superfuerrmt,</span> <span class='ocrx_word' id='word_1_146' title='bbox 1384 1939 1421 2012; x_wconf 87' lang='lat' dir='ltr'>-in</span> <span class='ocrx_word' id='word_1_147' title='bbox 1443 1951 1475 2000; x_wconf 85' lang='lat'>15</span> 
     </span>
     <span class='ocr_line' id='line_1_17' title="bbox 281 2023 1426 2126; baseline 0.002 -22"><span class='ocrx_word' id='word_1_148' title='bbox 281 2023 463 2125; x_wconf 26' lang='lat' dir='ltr'>reparando*</span> <span class='ocrx_word' id='word_1_149' title='bbox 480 2042 621 2104; x_wconf 87' lang='lat' dir='ltr'>exercitu</span> <span class='ocrx_word' id='word_1_150' title='bbox 644 2041 829 2104; x_wconf 74' lang='lat' dir='ltr'>festinatio?</span> <span class='ocrx_word' id='word_1_151' title='bbox 852 2065 926 2105; x_wconf 87' lang='lat' dir='ltr'>cum</span> <span class='ocrx_word' id='word_1_152' title='bbox 947 2045 1090 2126; x_wconf 90' lang='lat' dir='ltr'>Pyrrhus</span> <span class='ocrx_word' id='word_1_153' title='bbox 1109 2037 1216 2106; x_wconf 84' lang='lat' dir='ltr'>‘uideo</span> <span class='ocrx_word' id='word_1_154' title='bbox 1238 2036 1299 2106; x_wconf 89' lang='lat' dir='ltr'>me’</span> <span class='ocrx_word' id='word_1_155' title='bbox 1320 2043 1426 2125; x_wconf 92' lang='lat' dir='ltr'>inquit</span> 
     </span>
     <span class='ocr_line' id='line_1_18' title="bbox 278 2143 1425 2232; baseline 0.001 -24"><span class='ocrx_word' id='word_1_156' title='bbox 278 2143 600 2229; x_wconf 82' lang='lat' dir='ltr'>‘planeprocreatum</span> <span class='ocrx_word' id='word_1_157' title='bbox 614 2145 765 2208; x_wconf 89' lang='lat' dir='ltr'>Herculis</span> <span class='ocrx_word' id='word_1_158' title='bbox 781 2147 919 2222; x_wconf 88' lang='lat' dir='ltr'>semine,</span> <span class='ocrx_word' id='word_1_159' title='bbox 937 2148 990 2211; x_wconf 90' lang='lat' dir='ltr'>cui</span> <span class='ocrx_word' id='word_1_160' title='bbox 1004 2149 1095 2232; x_wconf 87' lang='lat' dir='ltr'>quasi</span> <span class='ocrx_word' id='word_1_161' title='bbox 1110 2149 1149 2210; x_wconf 88' lang='lat' dir='ltr'>ab</span> <span class='ocrx_word' id='word_1_162' title='bbox 1164 2169 1268 2230; x_wconf 82' lang='lat' dir='ltr'>angue</span> <span class='ocrx_word' id='word_1_163' title='bbox 1283 2150 1425 2210; x_wconf 90' lang='lat' dir='ltr'>Lernaeo</span> 
     </span>
     <span class='ocr_line' id='line_1_19' title="bbox 283 2244 1476 2334; baseline -0.005 -20"><span class='ocrx_word' id='word_1_164' title='bbox 283 2262 331 2314; x_wconf 91' lang='lat' dir='ltr'>tot</span> <span class='ocrx_word' id='word_1_165' title='bbox 351 2272 443 2314; x_wconf 87' lang='lat' dir='ltr'>caesa</span> <span class='ocrx_word' id='word_1_166' title='bbox 463 2249 604 2312; x_wconf 87' lang='lat' dir='ltr'>hostium</span> <span class='ocrx_word' id='word_1_167' title='bbox 627 2249 732 2331; x_wconf 88' lang='lat' dir='ltr'>capita</span> <span class='ocrx_word' id='word_1_168' title='bbox 751 2251 843 2332; x_wconf 88' lang='lat' dir='ltr'>quasi</span> <span class='ocrx_word' id='word_1_169' title='bbox 864 2254 903 2314; x_wconf 91' lang='lat' dir='ltr'>de</span> <span class='ocrx_word' id='word_1_170' title='bbox 923 2253 1080 2334; x_wconf 87' lang='lat' dir='ltr'>sanguine</span> <span class='ocrx_word' id='word_1_171' title='bbox 1103 2276 1161 2316; x_wconf 88' lang='lat' dir='ltr'>suo</span> <span class='ocrx_word' id='word_1_172' title='bbox 1188 2244 1422 2314; x_wconf 63' lang='lat' dir='ltr'>renascuntur?</span> <span class='ocrx_word' id='word_1_173' title='bbox 1474 2304 1476 2308; x_wconf 89' lang='lat'><em>.</em></span> 
     </span>
     <span class='ocr_line' id='line_1_20' title="bbox 283 2355 1423 2440; baseline -0.004 -21"><span class='ocrx_word' id='word_1_174' title='bbox 283 2357 337 2440; x_wconf 91' lang='lat' dir='ltr'>qui</span> <span class='ocrx_word' id='word_1_175' title='bbox 353 2365 460 2418; x_wconf 89' lang='lat' dir='ltr'>autem</span> <span class='ocrx_word' id='word_1_176' title='bbox 475 2355 529 2418; x_wconf 89' lang='lat' dir='ltr'>ille</span> <span class='ocrx_word' id='word_1_177' title='bbox 552 2366 681 2418; x_wconf 88' lang='lat' dir='ltr'>senatus</span> <span class='ocrx_word' id='word_1_178' title='bbox 702 2355 784 2417; x_wconf 77' lang='lat' dir='ltr'>fuiti</span> <span class='ocrx_word' id='word_1_179' title='bbox 806 2377 881 2417; x_wconf 89' lang='lat' dir='ltr'>cum</span> <span class='ocrx_word' id='word_1_180' title='bbox 901 2367 1067 2438; x_wconf 86' lang='lat' dir='ltr'>perorante</span> <span class='ocrx_word' id='word_1_181' title='bbox 1087 2355 1192 2438; x_wconf 87' lang='lat' dir='ltr'>Appio</span> <span class='ocrx_word' id='word_1_182' title='bbox 1213 2356 1316 2417; x_wconf 84' lang='lat' dir='ltr'>Caeco</span> <span class='ocrx_word' id='word_1_183' title='bbox 1336 2355 1423 2436; x_wconf 90' lang='lat' dir='ltr'>pulsi</span> 
     </span>
     <span class='ocr_line' id='line_1_21' title="bbox 282 2459 1476 2543; baseline -0.004 -19"><span class='ocrx_word' id='word_1_184' title='bbox 282 2484 356 2524; x_wconf 86' lang='lat' dir='ltr'>eum</span> <span class='ocrx_word' id='word_1_185' title='bbox 370 2459 555 2524; x_wconf 88' lang='lat' dir='ltr'>muneribus</span> <span class='ocrx_word' id='word_1_186' title='bbox 571 2461 636 2523; x_wconf 89' lang='lat' dir='ltr'>suis</span> <span class='ocrx_word' id='word_1_187' title='bbox 652 2461 692 2522; x_wconf 91' lang='lat' dir='ltr'>ab</span> <span class='ocrx_word' id='word_1_188' title='bbox 711 2461 789 2522; x_wconf 88' lang='lat' dir='ltr'>urbe</span> <span class='ocrx_word' id='word_1_189' title='bbox 810 2461 910 2542; x_wconf 88' lang='lat' dir='ltr'>legati</span> <span class='ocrx_word' id='word_1_190' title='bbox 930 2461 1139 2543; x_wconf 83' lang='lat' dir='ltr'>interroganti</span> <span class='ocrx_word' id='word_1_191' title='bbox 1159 2460 1227 2542; x_wconf 85' lang='lat' dir='ltr'>regi</span> <span class='ocrx_word' id='word_1_192' title='bbox 1246 2481 1322 2535; x_wconf 88' lang='lat' dir='ltr'>suo,</span> <span class='ocrx_word' id='word_1_193' title='bbox 1346 2459 1424 2540; x_wconf 91' lang='lat' dir='ltr'>quid</span> <span class='ocrx_word' id='word_1_194' title='bbox 1443 2469 1476 2519; x_wconf 80' lang='lat'>20</span> 
     </span>
     <span class='ocr_line' id='line_1_22' title="bbox 283 2565 1425 2648; baseline -0.003 -19"><span class='ocrx_word' id='word_1_195' title='bbox 283 2569 322 2629; x_wconf 93' lang='lat' dir='ltr'>de</span> <span class='ocrx_word' id='word_1_196' title='bbox 336 2566 478 2630; x_wconf 87' lang='lat' dir='ltr'>hostium</span> <span class='ocrx_word' id='word_1_197' title='bbox 493 2567 566 2628; x_wconf 88' lang='lat' dir='ltr'>sede</span> <span class='ocrx_word' id='word_1_198' title='bbox 582 2565 756 2640; x_wconf 85' lang='lat' dir='ltr'>sentirent,</span> <span class='ocrx_word' id='word_1_199' title='bbox 772 2566 885 2627; x_wconf 89' lang='lat' dir='ltr'>urbem</span> <span class='ocrx_word' id='word_1_200' title='bbox 899 2567 1056 2648; x_wconf 88' lang='lat' dir='ltr'>templum</span> <span class='ocrx_word' id='word_1_201' title='bbox 1070 2566 1130 2628; x_wconf 91' lang='lat' dir='ltr'>sibi</span> <span class='ocrx_word' id='word_1_202' title='bbox 1145 2565 1259 2641; x_wconf 88' lang='lat' dir='ltr'>uisam,</span> <span class='ocrx_word' id='word_1_203' title='bbox 1276 2574 1425 2626; x_wconf 89' lang='lat' dir='ltr'>senatum</span> 
     </span>
     <span class='ocr_line' id='line_1_23' title="bbox 282 2668 1422 2752; baseline -0.001 -21"><span class='ocrx_word' id='word_1_204' title='bbox 282 2691 394 2752; x_wconf 84' lang='lat' dir='ltr'>regum</span> <span class='ocrx_word' id='word_1_205' title='bbox 409 2691 476 2732; x_wconf 88' lang='lat' dir='ltr'>esse</span> <span class='ocrx_word' id='word_1_206' title='bbox 492 2671 728 2732; x_wconf 90' lang='lat' dir='ltr'>confiterentur.</span> <span class='ocrx_word' id='word_1_207' title='bbox 754 2669 831 2751; x_wconf 90' lang='lat' dir='ltr'>quid</span> <span class='ocrx_word' id='word_1_208' title='bbox 844 2690 936 2750; x_wconf 90' lang='lat' dir='ltr'>porro</span> <span class='ocrx_word' id='word_1_209' title='bbox 950 2670 1013 2752; x_wconf 90' lang='lat' dir='ltr'>ipsi</span> <span class='ocrx_word' id='word_1_210' title='bbox 1034 2669 1150 2732; x_wconf 71' lang='lat' dir='ltr'>duces?</span> <span class='ocrx_word' id='word_1_211' title='bbox 1171 2670 1225 2731; x_wconf 89' lang='lat' dir='ltr'>uel</span> <span class='ocrx_word' id='word_1_212' title='bbox 1244 2669 1280 2730; x_wconf 90' lang='lat' dir='ltr'>in</span> <span class='ocrx_word' id='word_1_213' title='bbox 1300 2668 1422 2743; x_wconf 88' lang='lat' dir='ltr'>castris,</span> 
     </span>
     <span class='ocr_line' id='line_1_24' title="bbox 283 2772 1532 2856; baseline -0.002 -20"><span class='ocrx_word' id='word_1_214' title='bbox 283 2795 357 2836; x_wconf 89' lang='lat' dir='ltr'>cum</span> <span class='ocrx_word' id='word_1_215' title='bbox 382 2772 542 2836; x_wconf 84' lang='lat' dir='ltr'>medicum</span> <span class='ocrx_word' id='word_1_216' title='bbox 566 2775 680 2836; x_wconf 88' lang='lat' dir='ltr'>uenale</span> <span class='ocrx_word' id='word_1_217' title='bbox 706 2773 788 2856; x_wconf 84' lang='lat' dir='ltr'>regis</span> <span class='ocrx_word' id='word_1_218' title='bbox 815 2783 913 2855; x_wconf 90' lang='lat' dir='ltr'>caput</span> <span class='ocrx_word' id='word_1_219' title='bbox 942 2775 1125 2836; x_wconf 87' lang='lat' dir='ltr'>offerentem</span> <span class='ocrx_word' id='word_1_220' title='bbox 1146 2774 1262 2836; x_wconf 85' lang='lat' dir='ltr'>Curius</span> <span class='ocrx_word' id='word_1_221' title='bbox 1289 2772 1423 2847; x_wconf 86' lang='lat' dir='ltr'>remisit,</span> <span class='ocrx_word' id='word_1_222' title='bbox 1530 2816 1532 2819; x_wconf 90' lang='lat'>-</span> 
     </span>
     <span class='ocr_line' id='line_1_25' title="bbox 283 2875 1422 2960; baseline -0.005 -19"><span class='ocrx_word' id='word_1_223' title='bbox 283 2877 447 2941; x_wconf 78' lang='lat' dir='ltr'>Fabricius</span> <span class='ocrx_word' id='word_1_224' title='bbox 463 2878 603 2940; x_wconf 88' lang='lat' dir='ltr'>oblatam</span> <span class='ocrx_word' id='word_1_225' title='bbox 618 2878 678 2941; x_wconf 91' lang='lat' dir='ltr'>sibi</span> <span class='ocrx_word' id='word_1_226' title='bbox 693 2900 712 2940; x_wconf 90' lang='lat' dir='ltr'>a</span> <span class='ocrx_word' id='word_1_227' title='bbox 726 2900 800 2960; x_wconf 87' lang='lat' dir='ltr'>rege</span> <span class='ocrx_word' id='word_1_228' title='bbox 814 2877 939 2960; x_wconf 89' lang='lat' dir='ltr'>imperii</span> <span class='ocrx_word' id='word_1_229' title='bbox 953 2887 1076 2959; x_wconf 89' lang='lat' dir='ltr'>partem</span> <span class='ocrx_word' id='word_1_230' title='bbox 1095 2876 1277 2958; x_wconf 85' lang='lat' dir='ltr'>repudiauit</span> <span class='ocrx_word' id='word_1_231' title='bbox 1284 2900 1294 2950; x_wconf 84' lang='lat'>3</span> <span class='ocrx_word' id='word_1_232' title='bbox 1319 2877 1373 2936; x_wconf 92' lang='lat' dir='ltr'>uel</span> <span class='ocrx_word' id='word_1_233' title='bbox 1386 2875 1422 2936; x_wconf 91' lang='lat' dir='ltr'>in</span> 
     </span>
     <span class='ocr_line' id='line_1_26' title="bbox 283 2979 1476 3064; baseline -0.003 -20"><span class='ocrx_word' id='word_1_234' title='bbox 283 3003 372 3064; x_wconf 86' lang='lat' dir='ltr'>pace,</span> <span class='ocrx_word' id='word_1_235' title='bbox 387 3003 460 3044; x_wconf 91' lang='lat' dir='ltr'>cum</span> <span class='ocrx_word' id='word_1_236' title='bbox 469 2981 585 3044; x_wconf 87' lang='lat' dir='ltr'>Curius</span> <span class='ocrx_word' id='word_1_237' title='bbox 592 2981 704 3044; x_wconf 84' lang='lat' dir='ltr'>fictilia</span> <span class='ocrx_word' id='word_1_238' title='bbox 716 3004 774 3044; x_wconf 89' lang='lat' dir='ltr'>sua</span> <span class='ocrx_word' id='word_1_239' title='bbox 787 2982 963 3045; x_wconf 84' lang='lat' dir='ltr'>Samnitico</span> <span class='ocrx_word' id='word_1_240' title='bbox 974 2980 1145 3062; x_wconf 86' lang='lat' dir='ltr'>praeferret</span> <span class='ocrx_word' id='word_1_241' title='bbox 1156 3001 1244 3055; x_wconf 90' lang='lat' dir='ltr'>auro,</span> <span class='ocrx_word' id='word_1_242' title='bbox 1258 2979 1423 3042; x_wconf 86' lang='lat' dir='ltr'>Fabricius</span> <span class='ocrx_word' id='word_1_243' title='bbox 1443 2991 1476 3040; x_wconf 85' lang='lat'>25</span> 
     </span>
     <span class='ocr_line' id='line_1_27' title="bbox 282 3083 1424 3168; baseline -0.004 -20"><span class='ocrx_word' id='word_1_244' title='bbox 282 3087 393 3149; x_wconf 87' lang='lat' dir='ltr'>decem</span> <span class='ocrx_word' id='word_1_245' title='bbox 412 3088 518 3167; x_wconf 87' lang='lat' dir='ltr'>pondo</span> <span class='ocrx_word' id='word_1_246' title='bbox 548 3085 671 3168; x_wconf 86' lang='lat' dir='ltr'>argenti</span> <span class='ocrx_word' id='word_1_247' title='bbox 685 3087 780 3148; x_wconf 88' lang='lat' dir='ltr'>&#39;circa</span> <span class='ocrx_word' id='word_1_248' title='bbox 799 3087 957 3149; x_wconf 83' lang='lat' dir='ltr'>Rufinum</span> <span class='ocrx_word' id='word_1_249' title='bbox 985 3085 1184 3146; x_wconf 82' lang='lat' dir='ltr'>consularem</span> <span class='ocrx_word' id='word_1_250' title='bbox 1205 3083 1313 3145; x_wconf 91' lang='lat' dir='ltr'>uirum</span> <span class='ocrx_word' id='word_1_251' title='bbox 1332 3083 1424 3164; x_wconf 85' lang='lat' dir='ltr'>quasi</span> 
     </span>
     <span class='ocr_line' id='line_1_28' title="bbox 285 3186 1425 3272; baseline -0.004 -20"><span class='ocrx_word' id='word_1_252' title='bbox 285 3190 446 3253; x_wconf 88' lang='lat' dir='ltr'>luxuriam</span> <span class='ocrx_word' id='word_1_253' title='bbox 466 3189 607 3254; x_wconf 88' lang='lat' dir='ltr'>censoria</span> <span class='ocrx_word' id='word_1_254' title='bbox 632 3191 790 3272; x_wconf 83' lang='lat' dir='ltr'>grauitate</span> <span class='ocrx_word' id='word_1_255' title='bbox 816 3192 993 3252; x_wconf 85' lang='lat' dir='ltr'>damnaret.</span> <span class='ocrx_word' id='word_1_256' title='bbox 1023 3186 1094 3268; x_wconf 88' lang='lat' dir='ltr'>quis</span> <span class='ocrx_word' id='word_1_257' title='bbox 1120 3209 1194 3269; x_wconf 87' lang='lat' dir='ltr'>ergo</span> <span class='ocrx_word' id='word_1_258' title='bbox 1220 3187 1354 3249; x_wconf 90' lang='lat' dir='ltr'>miretur</span> <span class='ocrx_word' id='word_1_259' title='bbox 1380 3186 1425 3249; x_wconf 90' lang='lat' dir='ltr'>eis</span> 
     </span>
     <span class='ocr_line' id='line_1_29' title="bbox 284 3291 1422 3374; baseline -0.004 -16"><span class='ocrx_word' id='word_1_260' title='bbox 284 3295 436 3370; x_wconf 88' lang='lat' dir='ltr'>moribus,</span> <span class='ocrx_word' id='word_1_261' title='bbox 458 3316 495 3357; x_wconf 88' lang='lat' dir='ltr'>ea</span> <span class='ocrx_word' id='word_1_262' title='bbox 507 3293 625 3356; x_wconf 89' lang='lat' dir='ltr'>uirtute</span> <span class='ocrx_word' id='word_1_263' title='bbox 636 3294 776 3357; x_wconf 87' lang='lat' dir='ltr'>militum</span> <span class='ocrx_word' id='word_1_264' title='bbox 787 3294 941 3357; x_wconf 89' lang='lat' dir='ltr'>uictorem</span> <span class='ocrx_word' id='word_1_265' title='bbox 951 3293 1106 3374; x_wconf 92' lang='lat' dir='ltr'>populum</span> <span class='ocrx_word' id='word_1_266' title='bbox 1117 3294 1302 3355; x_wconf 83' lang='lat' dir='ltr'>Romanum</span> <span class='ocrx_word' id='word_1_267' title='bbox 1312 3291 1422 3366; x_wconf 83' lang='lat' dir='ltr'>fuisse,</span> 
     </span>
     <span class='ocr_line' id='line_1_30' title="bbox 285 3395 1424 3482; baseline -0.005 -19"><span class='ocrx_word' id='word_1_268' title='bbox 285 3422 411 3482; x_wconf 87' lang='lat' dir='ltr'>unoque</span> <span class='ocrx_word' id='word_1_269' title='bbox 431 3401 516 3462; x_wconf 90' lang='lat' dir='ltr'>bello</span> <span class='ocrx_word' id='word_1_270' title='bbox 538 3399 711 3464; x_wconf 83' lang='lat' dir='ltr'>Tarentino</span> <span class='ocrx_word' id='word_1_271' title='bbox 732 3399 817 3462; x_wconf 89' lang='lat' dir='ltr'>intra</span> <span class='ocrx_word' id='word_1_272' title='bbox 830 3396 1085 3480; x_wconf 77' lang='lat' dir='ltr'>,quadriennium</span> <span class='ocrx_word' id='word_1_273' title='bbox 1106 3395 1281 3460; x_wconf 84' lang='lat' dir='ltr'>maximam</span> <span class='ocrx_word' id='word_1_274' title='bbox 1301 3406 1424 3478; x_wconf 89' lang='lat' dir='ltr'>partem</span> 
     </span>
    </p>
   </div>
   <div class='ocr_carea' id='block_1_5' title="bbox 283 3681 1427 4427">
    <p class='ocr_par' dir='ltr' id='par_1_5' title="bbox 283 3681 1427 4427">
     <span class='ocr_line' id='line_1_31' title="bbox 286 3681 1424 3754; baseline -0.002 -19"><span class='ocrx_word' id='word_1_275' title='bbox 286 3687 297 3735; x_wconf 89' lang='lat'>1</span> <span class='ocrx_word' id='word_1_276' title='bbox 313 3684 411 3752; x_wconf 90' lang='lat' dir='ltr'>quippe</span> <span class='ocrx_word' id='word_1_277' title='bbox 423 3688 558 3751; x_wconf 84' lang='lat' dir='ltr'>postrema</span> <span class='ocrx_word' id='word_1_278' title='bbox 569 3685 709 3738; x_wconf 87' lang='lat' dir='ltr'>uictoriam</span> <span class='ocrx_word' id='word_1_279' title='bbox 720 3697 740 3738; x_wconf 99' lang='grc' dir='ltr'><em>Β</em></span> <span class='ocrx_word' id='word_1_280' title='bbox 753 3685 761 3754; x_wconf 93' lang='grc'>11</span> <span class='ocrx_word' id='word_1_281' title='bbox 774 3685 915 3738; x_wconf 86' lang='lat' dir='ltr'>uictoriam</span> <span class='ocrx_word' id='word_1_282' title='bbox 926 3700 974 3735; x_wconf 86' lang='lat' dir='ltr'>rex</span> <span class='ocrx_word' id='word_1_283' title='bbox 986 3681 1098 3734; x_wconf 84' lang='lat' dir='ltr'>callidus</span> <span class='ocrx_word' id='word_1_284' title='bbox 1110 3682 1247 3735; x_wconf 89' lang='lat' dir='ltr'>intellecta</span> <span class='ocrx_word' id='word_1_285' title='bbox 1262 3695 1286 3733; x_wconf 98' lang='lat' dir='ltr'><em>N</em></span> <span class='ocrx_word' id='word_1_286' title='bbox 1296 3682 1306 3751; x_wconf 95' lang='grc'>11</span> <span class='ocrx_word' id='word_1_287' title='bbox 1318 3683 1361 3734; x_wconf 91' lang='lat' dir='ltr'>uir</span> <span class='ocrx_word' id='word_1_288' title='bbox 1373 3681 1424 3734; x_wconf 85' lang='lat' dir='ltr'>cal-</span> 
     </span>
     <span class='ocr_line' id='line_1_32' title="bbox 284 3764 1424 3840; baseline -0.004 -21"><span class='ocrx_word' id='word_1_289' title='bbox 284 3767 355 3820; x_wconf 90' lang='lat' dir='ltr'>lidus</span> <span class='ocrx_word' id='word_1_290' title='bbox 367 3785 409 3817; x_wconf 85' lang='lat' dir='ltr'>om</span> <span class='ocrx_word' id='word_1_291' title='bbox 420 3779 436 3817; x_wconf 87' lang='grc' dir='ltr'><em>Ι</em></span> <span class='ocrx_word' id='word_1_292' title='bbox 446 3766 455 3835; x_wconf 95' lang='grc'>11</span> <span class='ocrx_word' id='word_1_293' title='bbox 468 3771 483 3817; x_wconf 97' lang='grc'>2</span> <span class='ocrx_word' id='word_1_294' title='bbox 495 3783 605 3818; x_wconf 84' lang='lat' dir='ltr'>romana</span> <span class='ocrx_word' id='word_1_295' title='bbox 616 3768 717 3822; x_wconf 88' lang='lat' dir='ltr'>uirtute</span> <span class='ocrx_word' id='word_1_296' title='bbox 728 3782 744 3820; x_wconf 85' lang='grc' dir='ltr'><em>Ι</em></span> <span class='ocrx_word' id='word_1_297' title='bbox 762 3769 771 3840; x_wconf 94' lang='grc'>11</span> <span class='ocrx_word' id='word_1_298' title='bbox 796 3773 811 3820; x_wconf 88' lang='grc'>4</span> <span class='ocrx_word' id='word_1_299' title='bbox 823 3767 951 3836; x_wconf 83' lang='lat' dir='ltr'>missique</span> <span class='ocrx_word' id='word_1_300' title='bbox 961 3779 981 3820; x_wconf 95' lang='grc' dir='ltr'><em>Β</em></span> <span class='ocrx_word' id='word_1_301' title='bbox 993 3767 1002 3836; x_wconf 97' lang='grc'>11</span> <span class='ocrx_word' id='word_1_302' title='bbox 1014 3767 1157 3836; x_wconf 85' lang='lat' dir='ltr'>missisque</span> <span class='ocrx_word' id='word_1_303' title='bbox 1169 3766 1233 3818; x_wconf 89' lang='lat' dir='ltr'>dein</span> <span class='ocrx_word' id='word_1_304' title='bbox 1244 3766 1340 3834; x_wconf 84' lang='lat' dir='ltr'>legatis</span> <span class='ocrx_word' id='word_1_305' title='bbox 1351 3777 1376 3816; x_wconf 94' lang='lat' dir='ltr'><em>N</em></span> <span class='ocrx_word' id='word_1_306' title='bbox 1387 3764 1395 3833; x_wconf 93' lang='grc'>11</span> <span class='ocrx_word' id='word_1_307' title='bbox 1409 3768 1424 3814; x_wconf 84' lang='grc'>5</span> 
     </span>
     <span class='ocr_line' id='line_1_33' title="bbox 285 3849 1426 3922; baseline -0.001 -22"><span class='ocrx_word' id='word_1_308' title='bbox 285 3850 402 3901; x_wconf 86' lang='lat' dir='ltr'>amicitia</span> <span class='ocrx_word' id='word_1_309' title='bbox 418 3863 437 3902; x_wconf 94' lang='grc' dir='ltr'><em>Β</em></span> <span class='ocrx_word' id='word_1_310' title='bbox 450 3851 458 3920; x_wconf 90' lang='grc'>1</span> <span class='ocrx_word' id='word_1_311' title='bbox 472 3852 597 3904; x_wconf 87' lang='lat' dir='ltr'>sedbello</span> <span class='ocrx_word' id='word_1_312' title='bbox 605 3859 632 3906; x_wconf 91' lang='lat' dir='ltr'>et</span> <span class='ocrx_word' id='word_1_313' title='bbox 643 3870 708 3922; x_wconf 89' lang='lat' dir='ltr'>pace</span> <span class='ocrx_word' id='word_1_314' title='bbox 719 3852 784 3905; x_wconf 85' lang='lat' dir='ltr'>foris</span> <span class='ocrx_word' id='word_1_315' title='bbox 796 3864 820 3904; x_wconf 93' lang='lat' dir='ltr'><em>N</em></span> <span class='ocrx_word' id='word_1_316' title='bbox 831 3851 840 3920; x_wconf 96' lang='grc'>11</span> <span class='ocrx_word' id='word_1_317' title='bbox 854 3851 1016 3904; x_wconf 82' lang='lat' dir='ltr'>&#39;lhostendit</span> <span class='ocrx_word' id='word_1_318' title='bbox 1024 3863 1044 3903; x_wconf 92' lang='grc' dir='ltr'><em>Β</em></span> <span class='ocrx_word' id='word_1_319' title='bbox 1056 3852 1065 3920; x_wconf 94' lang='grc'>11</span> <span class='ocrx_word' id='word_1_320' title='bbox 1081 3853 1109 3901; x_wconf 94' lang='grc'>11</span> <span class='ocrx_word' id='word_1_321' title='bbox 1124 3851 1248 3903; x_wconf 84' lang='lat' dir='ltr'>hostibus</span> <span class='ocrx_word' id='word_1_322' title='bbox 1260 3849 1316 3902; x_wconf 85' lang='lat' dir='ltr'>suis</span> <span class='ocrx_word' id='word_1_323' title='bbox 1328 3849 1426 3901; x_wconf 92' lang='lat' dir='ltr'>inmor-</span> 
     </span>
     <span class='ocr_line' id='line_1_34' title="bbox 283 3930 1426 4007; baseline -0.002 -22"><span class='ocrx_word' id='word_1_324' title='bbox 283 3933 326 3985; x_wconf 88' lang='lat' dir='ltr'>tui</span> <span class='ocrx_word' id='word_1_325' title='bbox 337 3945 362 3985; x_wconf 87' lang='lat' dir='ltr'><em>N</em></span> <span class='ocrx_word' id='word_1_326' title='bbox 373 3933 381 4002; x_wconf 95' lang='grc'>11</span> <span class='ocrx_word' id='word_1_327' title='bbox 396 3937 425 3986; x_wconf 93' lang='grc'>12</span> <span class='ocrx_word' id='word_1_328' title='bbox 439 3935 587 3988; x_wconf 86' lang='lat' dir='ltr'>uultibusB</span> <span class='ocrx_word' id='word_1_329' title='bbox 599 3938 607 4007; x_wconf 95' lang='grc'>11</span> <span class='ocrx_word' id='word_1_330' title='bbox 623 3938 812 3995; x_wconf 72' lang='grc' dir='ltr'>1411111111Ν</span> <span class='ocrx_word' id='word_1_331' title='bbox 822 3937 831 4006; x_wconf 95' lang='grc'>11</span> <span class='ocrx_word' id='word_1_332' title='bbox 847 3939 878 3989; x_wconf 89' lang='grc'>16</span> <span class='ocrx_word' id='word_1_333' title='bbox 890 3935 971 3988; x_wconf 89' lang='lat' dir='ltr'>uideo</span> <span class='ocrx_word' id='word_1_334' title='bbox 982 3953 1064 3996; x_wconf 70' lang='lat' dir='ltr'>meg:</span> <span class='ocrx_word' id='word_1_335' title='bbox 1083 3935 1154 3986; x_wconf 89' lang='lat' dir='ltr'>idem</span> <span class='ocrx_word' id='word_1_336' title='bbox 1166 3951 1244 3986; x_wconf 90' lang='lat' dir='ltr'>omne</span> <span class='ocrx_word' id='word_1_337' title='bbox 1255 3945 1300 3986; x_wconf 88' lang='grc' dir='ltr'>ΒΝ</span> <span class='ocrx_word' id='word_1_338' title='bbox 1309 3934 1320 4003; x_wconf 96' lang='grc'>11</span> <span class='ocrx_word' id='word_1_339' title='bbox 1331 3930 1426 4001; x_wconf 92' lang='lat' dir='ltr'>inquid</span> 
     </span>
     <span class='ocr_line' id='line_1_35' title="bbox 285 4015 1424 4092; baseline -0.001 -23"><span class='ocrx_word' id='word_1_340' title='bbox 285 4029 304 4069; x_wconf 91' lang='grc' dir='ltr'><em>Β</em></span> <span class='ocrx_word' id='word_1_341' title='bbox 317 4017 327 4086; x_wconf 94' lang='grc'>11</span> <span class='ocrx_word' id='word_1_342' title='bbox 342 4020 371 4069; x_wconf 81' lang='grc'>17</span> <span class='ocrx_word' id='word_1_343' title='bbox 381 4018 481 4071; x_wconf 88' lang='lat' dir='ltr'>herculi</span> <span class='ocrx_word' id='word_1_344' title='bbox 488 4031 507 4070; x_wconf 93' lang='grc' dir='ltr'><em>Β</em></span> <span class='ocrx_word' id='word_1_345' title='bbox 519 4019 529 4089; x_wconf 93' lang='grc'>11</span> <span class='ocrx_word' id='word_1_346' title='bbox 542 4021 627 4075; x_wconf 87' lang='lat' dir='ltr'>sidere</span> <span class='ocrx_word' id='word_1_347' title='bbox 639 4028 807 4092; x_wconf 84' lang='lat' dir='ltr'>procreatum</span> <span class='ocrx_word' id='word_1_348' title='bbox 814 4033 840 4074; x_wconf 90' lang='grc' dir='ltr'><em>Ν</em></span> <span class='ocrx_word' id='word_1_349' title='bbox 849 4021 859 4091; x_wconf 93' lang='grc'>11</span> <span class='ocrx_word' id='word_1_350' title='bbox 870 4021 962 4074; x_wconf 88' lang='lat' dir='ltr'>lemeo</span> <span class='ocrx_word' id='word_1_351' title='bbox 972 4032 1000 4083; x_wconf 90' lang='grc' dir='ltr'>Β,</span> <span class='ocrx_word' id='word_1_352' title='bbox 1015 4019 1168 4072; x_wconf 86' lang='lat' dir='ltr'>elernaeoN</span> <span class='ocrx_word' id='word_1_353' title='bbox 1178 4018 1187 4086; x_wconf 93' lang='grc'>11</span> <span class='ocrx_word' id='word_1_354' title='bbox 1202 4021 1232 4070; x_wconf 86' lang='grc'>18</span> <span class='ocrx_word' id='word_1_355' title='bbox 1239 4017 1315 4085; x_wconf 89' lang='lat' dir='ltr'>quasi</span> <span class='ocrx_word' id='word_1_356' title='bbox 1327 4034 1369 4068; x_wconf 88' lang='lat' dir='ltr'>om</span> <span class='ocrx_word' id='word_1_357' title='bbox 1379 4027 1405 4068; x_wconf 88' lang='lat' dir='ltr'><em>N</em></span> <span class='ocrx_word' id='word_1_358' title='bbox 1414 4015 1424 4084; x_wconf 94' lang='grc'>1</span> 
     </span>
     <span class='ocr_line' id='line_1_36' title="bbox 286 4097 1427 4174; baseline -0.003 -22"><span class='ocrx_word' id='word_1_359' title='bbox 286 4104 315 4152; x_wconf 92' lang='grc'>21</span> <span class='ocrx_word' id='word_1_360' title='bbox 330 4108 451 4153; x_wconf 85' lang='lat' dir='ltr'>senatum</span> <span class='ocrx_word' id='word_1_361' title='bbox 463 4121 576 4173; x_wconf 87' lang='lat' dir='ltr'>regnum</span> <span class='ocrx_word' id='word_1_362' title='bbox 587 4106 667 4159; x_wconf 89' lang='lat' dir='ltr'>deum</span> <span class='ocrx_word' id='word_1_363' title='bbox 685 4123 743 4158; x_wconf 85' lang='lat' dir='ltr'>esse</span> <span class='ocrx_word' id='word_1_364' title='bbox 759 4117 784 4158; x_wconf 90' lang='grc' dir='ltr'><em>Ν</em></span> <span class='ocrx_word' id='word_1_365' title='bbox 801 4105 810 4174; x_wconf 94' lang='grc'>11</span> <span class='ocrx_word' id='word_1_366' title='bbox 831 4109 863 4157; x_wconf 93' lang='grc'>22</span> <span class='ocrx_word' id='word_1_367' title='bbox 876 4105 923 4173; x_wconf 91' lang='lat' dir='ltr'>qui</span> <span class='ocrx_word' id='word_1_368' title='bbox 944 4115 970 4156; x_wconf 89' lang='grc' dir='ltr'><em>Ν</em></span> <span class='ocrx_word' id='word_1_369' title='bbox 986 4103 995 4173; x_wconf 94' lang='grc'>11</span> <span class='ocrx_word' id='word_1_370' title='bbox 1013 4105 1045 4154; x_wconf 88' lang='grc'>23</span> <span class='ocrx_word' id='word_1_371' title='bbox 1058 4102 1132 4171; x_wconf 88' lang='lat' dir='ltr'>quod</span> <span class='ocrx_word' id='word_1_372' title='bbox 1143 4100 1277 4152; x_wconf 85' lang='lat' dir='ltr'>medicum</span> <span class='ocrx_word' id='word_1_373' title='bbox 1287 4112 1313 4151; x_wconf 89' lang='grc' dir='ltr'><em>Ν</em></span> <span class='ocrx_word' id='word_1_374' title='bbox 1328 4099 1337 4168; x_wconf 95' lang='grc'>11</span> <span class='ocrx_word' id='word_1_375' title='bbox 1356 4097 1427 4166; x_wconf 80' lang='lat' dir='ltr'>regis</span> 
     </span>
     <span class='ocr_line' id='line_1_37' title="bbox 284 4182 1425 4261; baseline -0.003 -25"><span class='ocrx_word' id='word_1_376' title='bbox 284 4184 377 4255; x_wconf 85' lang='lat' dir='ltr'>pyrrhi</span> <span class='ocrx_word' id='word_1_377' title='bbox 388 4197 412 4236; x_wconf 92' lang='grc' dir='ltr'><em>Ν</em></span> <span class='ocrx_word' id='word_1_378' title='bbox 423 4185 430 4253; x_wconf 98' lang='grc'>11</span> <span class='ocrx_word' id='word_1_379' title='bbox 444 4187 606 4242; x_wconf 81' lang='lat' dir='ltr'>adferentem</span> <span class='ocrx_word' id='word_1_380' title='bbox 617 4191 661 4261; x_wconf 90' lang='grc' dir='ltr'>Ν11</span> <span class='ocrx_word' id='word_1_381' title='bbox 674 4195 706 4244; x_wconf 88' lang='grc'>24</span> <span class='ocrx_word' id='word_1_382' title='bbox 719 4190 810 4243; x_wconf 85' lang='lat' dir='ltr'>oblata</span> <span class='ocrx_word' id='word_1_383' title='bbox 821 4203 841 4242; x_wconf 89' lang='grc' dir='ltr'><em>Β</em></span> <span class='ocrx_word' id='word_1_384' title='bbox 853 4190 862 4260; x_wconf 91' lang='grc'>11</span> <span class='ocrx_word' id='word_1_385' title='bbox 874 4196 950 4259; x_wconf 87' lang='lat' dir='ltr'>parte</span> <span class='ocrx_word' id='word_1_386' title='bbox 967 4200 987 4239; x_wconf 91' lang='grc' dir='ltr'><em>Β</em></span> <span class='ocrx_word' id='word_1_387' title='bbox 999 4186 1008 4255; x_wconf 94' lang='grc'>11</span> <span class='ocrx_word' id='word_1_388' title='bbox 1021 4189 1053 4238; x_wconf 89' lang='grc'>26</span> <span class='ocrx_word' id='word_1_389' title='bbox 1065 4184 1186 4252; x_wconf 84' lang='lat' dir='ltr'>aargenti</span> <span class='ocrx_word' id='word_1_390' title='bbox 1196 4195 1216 4236; x_wconf 89' lang='grc' dir='ltr'><em>Β</em></span> <span class='ocrx_word' id='word_1_391' title='bbox 1233 4182 1243 4251; x_wconf 93' lang='grc'>11</span> <span class='ocrx_word' id='word_1_392' title='bbox 1260 4183 1425 4235; x_wconf 88' lang='lat' dir='ltr'>consolarem</span> 
     </span>
     <span class='ocr_line' id='line_1_38' title="bbox 285 4257 1426 4344; baseline -0.001 -26"><span class='ocrx_word' id='word_1_393' title='bbox 285 4281 304 4322; x_wconf 90' lang='grc' dir='ltr'><em>Β</em></span> <span class='ocrx_word' id='word_1_394' title='bbox 317 4268 326 4337; x_wconf 93' lang='grc'>11</span> <span class='ocrx_word' id='word_1_395' title='bbox 339 4271 371 4319; x_wconf 81' lang='grc'>27</span> <span class='ocrx_word' id='word_1_396' title='bbox 384 4267 427 4320; x_wconf 88' lang='lat' dir='ltr'>his</span> <span class='ocrx_word' id='word_1_397' title='bbox 438 4282 481 4322; x_wconf 89' lang='grc' dir='ltr'>ΒΝ</span> <span class='ocrx_word' id='word_1_398' title='bbox 496 4272 504 4342; x_wconf 96' lang='grc'>11</span> <span class='ocrx_word' id='word_1_399' title='bbox 524 4277 556 4326; x_wconf 88' lang='grc'>28</span> <span class='ocrx_word' id='word_1_400' title='bbox 571 4291 602 4326; x_wconf 86' lang='grc'>91</span> <span class='ocrx_word' id='word_1_401' title='bbox 613 4293 655 4330; x_wconf 85' lang='lat' dir='ltr'>om</span> <span class='ocrx_word' id='word_1_402' title='bbox 667 4287 692 4327; x_wconf 87' lang='lat' dir='ltr'><em>N</em></span> <span class='ocrx_word' id='word_1_403' title='bbox 700 4275 710 4344; x_wconf 94' lang='grc'>11</span> <span class='ocrx_word' id='word_1_404' title='bbox 727 4273 855 4327; x_wconf 88' lang='lat' dir='ltr'>millitum</span> <span class='ocrx_word' id='word_1_405' title='bbox 866 4287 891 4327; x_wconf 93' lang='lat' dir='ltr'><em>N</em></span> <span class='ocrx_word' id='word_1_406' title='bbox 907 4273 916 4343; x_wconf 94' lang='grc'>11</span> <span class='ocrx_word' id='word_1_407' title='bbox 934 4257 1065 4325; x_wconf 85' lang='lat' dir='ltr'>uictorem</span> <span class='ocrx_word' id='word_1_408' title='bbox 1082 4267 1213 4337; x_wconf 90' lang='lat' dir='ltr'>populum</span> <span class='ocrx_word' id='word_1_409' title='bbox 1224 4267 1378 4319; x_wconf 88' lang='lat' dir='ltr'>Romanum</span> <span class='ocrx_word' id='word_1_410' title='bbox 1391 4285 1426 4328; x_wconf 77' lang='lat'>5:</span> 
     </span>
     <span class='ocr_line' id='line_1_39' title="bbox 285 4351 1194 4427; baseline 0 -25"><span class='ocrx_word' id='word_1_411' title='bbox 285 4351 432 4404; x_wconf 84' lang='lat' dir='ltr'>exercitum</span> <span class='ocrx_word' id='word_1_412' title='bbox 444 4357 538 4425; x_wconf 90' lang='lat' dir='ltr'>populi</span> <span class='ocrx_word' id='word_1_413' title='bbox 549 4361 653 4412; x_wconf 90' lang='lat' dir='ltr'>romani</span> <span class='ocrx_word' id='word_1_414' title='bbox 664 4373 696 4424; x_wconf 92' lang='grc' dir='ltr'>Β,</span> <span class='ocrx_word' id='word_1_415' title='bbox 711 4359 846 4412; x_wconf 82' lang='lat' dir='ltr'>uictorum</span> <span class='ocrx_word' id='word_1_416' title='bbox 858 4357 988 4427; x_wconf 90' lang='lat' dir='ltr'>populum</span> <span class='ocrx_word' id='word_1_417' title='bbox 1000 4368 1140 4406; x_wconf 88' lang='lat' dir='ltr'>romanum</span> <span class='ocrx_word' id='word_1_418' title='bbox 1150 4363 1175 4403; x_wconf 92' lang='lat' dir='ltr'><em>N</em></span> <span class='ocrx_word' id='word_1_419' title='bbox 1186 4351 1194 4419; x_wconf 93' lang='grc'>11</span> 
     </span>
    </p>
   </div>
   <div class='ocr_carea' id='block_1_6' title="bbox 0 0 1663 5084">
    <p class='ocr_par' dir='ltr' id='par_1_6' title="bbox 0 0 1663 5084">
     <span class='ocr_line' id='line_1_40' title="bbox 0 0 1663 5084; baseline 0 0"><span class='ocrx_word' id='word_1_420' title='bbox 0 0 1663 5084; x_wconf 95' lang='lat' dir='ltr'> </span> 
     </span>
    </p>
   </div>
  </div>
 </body>
</html>
