3300 5084
692 328 891 374 anensium.
1289 316 1381 372 VIIII

205 481 296 544 cibus
307 528 318 557 ,
345 479 422 542 inde
445 478 585 542 Parisios
600 478 669 542 iure
691 480 767 542 belli
789 489 968 562 asportatus
994 481 1125 541 tandem
1145 477 1381 561 Heidelbergae

181 574 185 582 ¹
209 586 419 650 redditusest.
438 587 571 649 Florum
586 585 752 668 excipiunt
767 585 1070 649 inhoccodicefolio
1080 590 1213 648 62recto
1223 584 1381 666 epitomae

209 694 290 770 siue,
307 702 344 755 ut
358 691 411 755 hie
419 691 651 767 inscribuntur,
664 692 834 773 periochae
848 691 1047 755 librorumT.
1060 691 1159 754 Liuii.
1177 690 1315 773 scriptus
1331 701 1379 754 est

209 799 286 862 satis
301 801 383 861 bene
399 797 573 860 maioribus
589 798 629 859 ab
644 796 738 860 initio
753 797 883 872 litteris,
901 818 979 878 quas
991 818 1103 860 uersus
1114 799 1214 860 finem
1228 796 1378 859 librarius

161 893 165 898 ⁶
207 905 395 972 minutiores
411 903 519 968 minus
535 913 622 966 certa
637 913 668 965 et
683 905 776 966 firma
790 925 891 966 manu
905 901 1024 984 pinxit.
1047 901 1137 965 haud
1150 923 1222 964 raro
1237 903 1378 965 secunda

207 1033 307 1073 manu
322 1019 462 1073 correcta
477 1019 553 1070 sunt
569 1030 652 1090 quae
666 1008 753 1092 prior
767 1008 916 1071 librarius
932 1007 1101 1090 scripserat
1108 1033 1118 1083 3
1144 1011 1201 1071 sed
1215 1009 1296 1072 haec
1310 1031 1377 1072 non

207 1116 271 1180 nisi
292 1138 362 1179 raro
379 1116 563 1178 adnotanda
576 1114 711 1198 putaui,
728 1123 902 1197 postquam
923 1114 1138 1176 animaduerti
1164 1136 1240 1176 eum
1255 1113 1311 1195 qui
1325 1136 1376 1176 co·

207 1223 312 1285 dicem
337 1222 384 1284 ita
404 1221 589 1284 retractauit
609 1243 676 1283 non
698 1243 739 1282 err
760 1219 893 1303 antiquo
914 1219 996 1283 libro
1008 1221 1202 1303 desumptas
1222 1219 1376 1283 lectiones

203 1329 264 1406 sed
286 1327 484 1390 coniecturas
514 1326 928 1409 adscripsisse-plerumque
949 1325 1070 1388 firtiles
1109 1347 1162 1389 eas
1184 1325 1284 1409 igitur
1304 1337 1379 1389 tum·

208 1434 274 1495 fere
301 1433 546 1496 commemoraui
579 1427 640 1495 ubi'
657 1417 771 1496 leuem*
785 1431 925 1514 aliquem
940 1454 1077 1494 errorem
1091 1442 1269 1495 correctum
1285 1433 1375 1496 uidc-

99 1540 103 1544 ’
209 1535 296 1615 reni,
314 1550 387 1623 utp
405 1546 457 1616 99,
476 1547 515 1602 26
532 1538 740 1622 obequitantis
755 1547 841 1600 recte
855 1538 1011 1621 scriptum
1026 1548 1075 1600 est
1094 1560 1152 1622 pro
1173 1538 1371 1622 obequitans,

209 1647 293 1728 quod
309 1650 375 1709 BN
386 1645 506 1708 habent
515 1671 524 1721 ;
549 1667 571 1728 p
588 1651 640 1720 99,
660 1649 697 1704 27
715 1643 917 1709 iactationem
932 1645 1131 1720 restitutum,
1147 1667 1222 1706 cum
1237 1644 1376 1709 iactatio·

208 1773 277 1813 nem
292 1750 327 1812 in
342 1756 387 1827 N,
405 1751 577 1815 tototoncm
592 1751 627 1812 in
643 1759 672 1812 B
686 1751 829 1832 legatum
853 1771 875 1832 p
895 1757 966 1825 114,
988 1757 1025 1812 13
1048 1750 1264 1827 rarescebant,
1289 1753 1374 1834 quod

208 1867 354 1940 corrupte
384 1858 539 1920 exhibent
562 1863 641 1932 BN,
670 1866 755 1925 recte
781 1866 945 1918 mutatum
966 1856 1071 1918 estin
1091 1857 1303 1919 reuomebont.
1336 1867 1373 1919 ut

207 1963 286 2026 haec
302 1985 319 2024 e
335 1963 520 2025 coniectura
534 1961 739 2045 potissimum
754 1971 895 2024 correcta
909 1963 1037 2032 credam
1054 1962 1132 2026 facit
1155 1962 1292 2044 quod‘in
1306 1984 1373 2030 cor-

207 2069 342 2152 ruptelis
358 2068 542 2151 conspirant
557 2073 638 2143 BN,
661 2069 747 2130 unde
762 2067 834 2130 iure
849 2067 931 2129 effici
945 2079 1052 2151 potest
1072 2091 1125 2132 eas
1145 2060 1294 2132 omnibus
1318 2067 1374 2151 qui

206 2186 344 2238 aetatem
359 2175 504 2238 tulerunt
526 2173 687 2236 codicibus
714 2173 909 2256 antiquiores
932 2196 1011 2238 esse.
1042 2175 1093 2237 his
1109 2172 1250 2256 exceptis
1266 2170 1375 2234 omnia

209 2303 290 2363 quae
306 2281 341 2343 in
357 2280 465 2344 codice
487 2281 520 2343 N
523 2279 688 2356 mariano,
714 2301 810 2362 quem
824 2286 862 2343 N
873 2280 1005 2356 notaui,
1028 2279 1181 2363 leguntur
1202 2277 1374 2361 diligenter

195 2386 361 2476 adnotaui
383 2407 488 2469 neque
510 2385 682 2468 quicquam
704 2386 807 2449 sciens
835 2387 1011 2468 nolensque
1040 2385 1145 2448 omisi.
1178 2405 1373 2466 quamquam

205 2514 317 2554 uereor
333 2513 393 2566 ne,
410 2513 486 2553 cum
500 2490 554 2553 hio
565 2493 670 2554 codex
684 2513 750 2554 non
767 2487 885 2554 totiens
900 2490 1044 2575 repetitis
1060 2482 1144 2573 curis
1159 2501 1372 2572 pertractatus

205 2596 249 2660 sit
264 2608 343 2679 quot
363 2595 594 2678 Bambergensi
616 2587 840 2677 contigerunt,
862 2598 1020 2678 quaedam
1041 2592 1093 2659 me
1115 2596 1263 2679 quamuis
1285 2595 1373 2678 operi

206 2702 370 2765 intentum
385 2701 539 2785 fugerint.
579 2723 652 2764 eam
673 2711 782 2764 tamen
803 2724 913 2765 curam
936 2703 1069 2780 adhibui
1089 2714 1146 2780 ut,
1177 2703 1372 2784 ubicumque

207 2807 383 2872 Salmasius
399 2808 454 2871 uel
470 2809 628 2872 Gruterus
645 2807 787 2892 aliquam
809 2809 886 2872 libri
904 2810 937 2873 N
939 2809 1077 2872 azariam
1092 2808 1271 2872 lectionem-
1279 2811 1370 2873 adtu-

205 2915 332 2990 lerunt,
364 2915 432 2998 ipse
455 2915 599 2980 codicem
622 2917 730 2978 denuo
752 2916 968 2992 consulerem,
996 2916 1044 2978 ita
1064 2927 1101 2978 nt
1124 2918 1292 2978 adfirmare
1315 2937 1370 2978 au-

205 3023 315 3097 deam,
343 3021 425 3083 mihi
439 3021 547 3104 potius
562 3022 618 3087 ubi
642 3023 805 3085 dissensus
828 3021 871 3084 sit
886 3044 983 3104 qnam
996 3022 1062 3085 illis
1077 3018 1175 3094 fidem
1189 3022 1372 3115 habendam

206 3150 284 3190 esse.
317 3127 383 3198 iam
398 3149 474 3190 uero
489 3127 613 3190 nemini
627 3127 764 3189 dubium
779 3149 852 3190 esse·
863 3138 968 3210 potest
996 3127 1075 3210 quin
1096 3128 1296 3191 Nazarianus
1319 3150 1371 3190 co-

206 3235 268 3296 dex
287 3232 389 3316 ‘longe
416 3233 547 3322 inferior
574 3233 616 3296 sit
642 3233 890 3316 Bambergensi‚
917 3255 984 3296 non
1010 3243 1139 3296 tanturn
1169 3235 1256 3316 quod
1280 3233 1371 3300 uitiis

205 3339 313 3421 qualia
328 3339 495 3402 admittere
511 3340 615 3403 solent
630 3339 753 3401 librarii
767 3339 871 3421 magis
886 3339 1074 3421 inquinatus
1090 3349 1157 3416 est,
1180 3342 1236 3403 sed
1244 3387 1254 3415 ,
1286 3341 1370 3421 quod

205 3445 301 3526 longe
317 3444 447 3526 grauius
464 3457 530 3520 est,
555 3445 632 3527 quia
646 3447 744 3507 uerba
760 3429 921 3527 scriptoris
937 3447 976 3507 ab
992 3445 1218 3528 interpolatore
1233 3446 1372 3526 quodam

206 3551 304 3632 longe
326 3549 474 3630 plurimis
500 3549 578 3611 locis
600 3550 734 3610 licenter
754 3549 914 3610 inmutata
935 3560 1162 3631 repraesentat
1203 3551 1288 3632 quod
1315 3571 1372 3632 per

206 3657 353 3739 exempla
376 3657 523 3718 demonst
511 3666 594 3717 trare
616 3677 681 3716 non
698 3675 777 3736 opus
793 3653 941 3730 uidetur,
966 3676 1041 3717 cum
1063 3677 1129 3718 una
1148 3678 1294 3740 quaeque
1315 3680 1371 3741 pa-

204 3763 281 3846 gina
295 3749 476 3825 luculenter
490 3741 613 3825 doceat

291 3867 398 3931 Ceteri
424 3868 566 3944 codices,
595 3891 730 3952 quorum
756 3866 871 3950 ingens
897 3889 1050 3931 numerus
1077 3868 1110 3932 in
1135 3871 1283 3941 omnibus
1305 3871 1371 3934 fere

204 3973 407 4037 bibliothecis
435 3985 598 4051 seruatur,
628 3985 659 4038 et
685 3975 875 4038 recentiores
902 3986 978 4038 sunt
1003 3975 1183 4038 Nazariano
1209 3987 1242 4039 et
1266 3977 1371 4039 multo

205 4079 307 4162 magis
330 4079 420 4142 uitiis
441 4079 643 4144 librariorum
669 4092 764 4164 atque
786 4080 962 4145 licentiosis
984 4080 1285 4162 interpolationibus
1306 4081 1370 4143 foe·

205 4186 283 4248 dati.
315 4187 377 4249 hoc
392 4196 459 4248 tam
474 4188 513 4250 de
529 4187 677 4250 omnibus
693 4188 781 4251 ualet
811 4211 890 4271 quos
911 4186 1031 4270 priores
1041 4187 1188 4251 editores
1203 4185 1372 4250 consulue-

205 4303 299 4368 runt,
318 4303 360 4355 ut·
372 4295 458 4376 apud
473 4293 768 4358 Dukerumuidere
783 4295 878 4370 licet,
901 4315 1000 4376 quam
1021 4295 1060 4356 de
1075 4293 1121 4356 eis
1136 4315 1216 4376 quos
1232 4299 1289 4352 aut
1303 4288 1371 4368 ipse

205 4409 262 4460 aut
290 4421 346 4482 per
373 4399 490 4463 amicos
512 4399 668 4483 cognoui,
700 4387 890 4464 Monacens'i
918 4398 1119 4462 Berolinensi
1148 4393 1372 4476 Guelpherby-
