3300 5084
277 301 334 356 XL
769 311 967 354 6116661616.

279 487 347 529 6666
361 465 505 548 plerique
520 471 687 546 putarunt.
721 461 912 543 Spartianus
928 459 1016 522 euim
1030 461 1070 522 de
1086 458 1256 530 Hadriano
1276 459 1361 525 inter
1381 460 1444 524 alia

279 573 359 634 11666
374 571 468 633 refert
490 571 559 649 (16)
581 564 680 629 Floro
688 575 804 647 666166
818 564 969 628 scribenti
981 566 1028 627 ad
1039 587 1073 627 se

360 681 363 686 '
546 665 614 755 ‘epo
629 671 701 733 nolo
720 672 841 734 Caesar
855 693 931 746 esse,
955 694 960 700 ’

561 777 724 840 ambulare
732 798 795 860 per
809 777 999 852 Britannos,

662 913 855 948 **G¹}

564 988 731 1074 Scythicas
739 988 816 1070 pati
822 979 978 1070 prninaa’

282 1093 446 1174 rescripsit

491 1255 494 1260 .
552 1191 619 1280 ‘epo
635 1197 705 1260 noio
721 1197 840 1260 Floras
855 1218 932 1274 esse,

563 1303 727 1366 ambulare
733 1324 796 1385 per
812 1303 971 1378 tabernas,

469 1467 473 1474 .
565 1409 694 1473 latitare
701 1430 766 1491 per
774 1410 927 1492 popinas,

509 1511 515 1517 ’
562 1515 677 1580 calices
686 1515 763 1597 pati
775 1505 950 1578 rotundos.'

283 1624 369 1704 apud
384 1621 567 1685 Charisium
587 1642 664 1684 uero
686 1620 842 1703 scriptum
863 1618 1000 1701 legimus
1024 1620 1040 1680 I
1062 1640 1084 1700 p
1101 1624 1139 1679 38
1170 1618 1300 1681 Annius
1329 1619 1448 1681 Floras

282 1728 328 1789 ad
341 1727 450 1790 dinam
471 1725 683 1791 Hadrianum
701 1720 867 1809 ‘poematis
892 1716 1040 1787 delector’
1057 1761 1099 1770 --
1113 1746 1195 1806 quae
1211 1726 1229 1787 I
1243 1746 1265 1806 p
1284 1723 1342 1786 1'13
1358 1746 1447 1808 repe-

283 1843 406 1909 tuntur,
424 1833 487 1904 nisi
503 1835 588 1915 quod
602 1843 727 1916 praeter
740 1832 893 1895 ultimum
907 1853 923 1893 s
938 1840 1043 1892 totum
1057 1829 1160 1892 Annii
1173 1838 1289 1892 nomeu
1306 1831 1448 1892 deletum

281 1949 330 1999 est
345 1973 405 2013 -,
424 1949 456 2000 et
472 1941 489 2001 I
504 1960 525 2022 p
542 1945 580 1999 99
598 1940 719 2000 Floras¹
732 1941 778 2001 ad
790 1938 902 2001 dinam
921 1936 1132 2011 Hadrianum
1150 1929 1317 2019 ς66661616
1336 1936 1448 1998 Arabe
1470 1936 1475 1943 “
1530 1929 1537 1941 ”

282 2050 340 2105 ant
360 2045 514 2106 Sarmata
533 2035 727 2105 manubias’.
766 2043 819 2105 hie
848 2042 961 2105 Florus
983 2041 1063 2124 quin
1086 2042 1172 2104 idem
1191 2063 1266 2103 eum
1287 2051 1383 2123 poeta
1405 2040 1447 2102 sit
1471 2071 1476 2075 ·

281 2147 373 2209 nulla
388 2147 557 2208 dubitandi
579 2168 676 2208 66666
696 2157 760 2221 661;
785 2157 818 2209 61
839 2169 915 2208 cum
935 2146 970 2207 in
991 2145 1131 2209 Charisii
1153 2145 1348 2209 editionibus
1371 2146 1448 2209 olim

281 2253 414 2315 Anneas
429 2252 605 2334 legeretur,
621 2251 712 2312 -nihil
727 2251 796 2312 ueri
811 2251 948 2313 similius
963 2249 1067 2312 uideri
1081 2248 1189 2332 potuit
1211 2272 1307 2331 quam
1317 2251 1361 2314 'L.
1379 2251 1447 2313 Au-

281 2378 399 2418 naeum
415 2357 547 2422 Florum
562 2357 622 2420 sub
637 2356 805 2419 Hadriano
821 2356 941 2420 uixisse
953 2366 1049 2437 atque
1060 2365 1186 2436 praeter
1197 2355 1262 2418 6116
1283 2357 1446 2438 epitomen

281 2483 389 2524 rerum
404 2463 624 2542 Romanarum
643 2472 675 2524 et
698 2461 840 2524 carmina
861 2461 1033 2544 scripsisse.
1072 2469 1180 2522 noster
1201 2469 1310 2522 autem
1332 2462 1446 2525 Florus

282 2567 361 2649 quin
376 2569 436 2630 s'ub
452 2569 619 2631 Hadriano
634 2567 752 2631 uixerit
768 2567 834 2631 iam
848 2590 914 2630 non
928 2577 1035 2649 potest
1042 2564 1176 2629 dubium
1183 2587 1263 2640 esse,
1277 2577 1448 2649 postquam

164 2743 166 2746 ¹
281 2697 302 2756 p
320 2679 350 2749 6,
371 2679 388 2734 6
404 2674 504 2737 mouit
519 2675 651 2738 lacertos
667 2684 735 2758 etp
753 2679 783 2750 6,
803 2681 820 2735 8
837 2671 975 2736 reuirait
988 2695 1006 2734 e
1021 2671 1128 2734 codiee
1144 2679 1173 2732 B
1186 2671 1373 2735 restitutum
1385 2683 1444 2736 est.

281 2779 417 2841 missum
431 2779 497 2841 1616
511 2779 613 2842 facere
628 2801 758 2861 possum
773 2779 860 2860 quod
875 2779 916 2840 ad
936 2779 1075 2840 eundem
1090 2778 1222 2840 Florum
1236 2799 1337 2859 66166
1352 2801 1446 2862 quae·

282 2886 357 2946 dam
372 2883 515 2946 carmina
529 2884 711 2947 referuntur
726 2905 745 2945 a
760 2886 799 2947 P.
818 2883 954 2947 Pithoeo
977 2883 1081 2965 primo
1100 2882 1135 2944 in
1157 2883 1377 2966 anthologiam
1398 2905 1446 2946 16-

281 2999 384 3071 66616.
432 3011 469 3052 66
495 2988 641 3052 enimin
668 2988 817 3052 Sahnasii
844 2987 974 3071 quidem
999 2987 1108 3050 codice
1135 2988 1248 3064 Fari,
1273 2987 1307 3050 in
1334 2990 1444 3074 Thua7

281 3117 343 3157 neo
364 3116 441 3157 uero
456 3094 595 3158 vFloridi
612 3116 681 3158 esse
701 3093 869 3170 dicuntur,
897 3104 935 3156 ut
956 3116 1006 3157 res
1029 3116 1156 3176 prorsus
1178 3094 1301 3156 incerta
1321 3093 1382 3172 sit,
1407 3096 1446 3157 de

282 3221 345 3281 qua
360 3199 387 3262 si
403 3199 474 3282 quis
496 3200 601 3263 uarias
625 3198 820 3282 suspiciones
841 3221 1031 3282 cognoscere
1052 3199 1159 3281 cupit,
1189 3209 1347 3281 qunntum
1368 3198 1445 3261 satis
1466 3190 1469 3196 ’

281 3315 329 3367 661
344 3304 480 3386 reperiet
501 3308 587 3388 apud
609 3307 866 3368 Wernsdorfium
886 3316 1053 3389 poetarum
1073 3305 1263 3368 Latinorum
1283 3303 1448 3367 minorum

281 3412 337 3472 III
352 3433 374 3493 p
391 3417 472 3487 450,
496 3413 571 3475 IIII
586 3434 608 3495 p
625 3417 706 3486 854,
730 3410 885 3492 71616.
910 3413 967 3475 sed
988 3434 1054 3474 nou
1075 3411 1345 3493 praetereundum
1364 3409 1446 3472 mihi

281 3526 329 3578 est
344 3515 431 3580 Flori
445 3516 662 3600 fragmentum
677 3518 762 3600 quod
777 3516 813 3578 iu
834 3516 942 3580 codice
963 3515 1169 3580 Bruxellensi
1195 3520 1293 3583 10677
1319 3518 1446 3578 saeculo

280 3623 353 3685 XII
368 3622 403 3685 in
418 3622 611 3685 membranis
628 3623 746 3705 scripto
762 3645 781 3684 a
795 3623 961 3685 Theodoro
984 3621 1121 3684 Oehlero
1143 3616 1316 3685 inuentum
1336 3631 1369 3683 61
1390 3622 1443 3682 (16-

280 3726 434 3808 seriptum
448 3727 629 3790 Friderieus
645 3728 844 3792 Ritsehelius
860 3750 879 3790 a
894 3750 928 3790 se
943 3737 975 3789 et
991 3727 1172 3810 Schopenio
1188 3726 1313 3810 egregie
1328 3736 1443 3788 116616-

281 3843 351 3892 1616
366 3829 466 3898 edidit
480 3831 587 3894 Musei
604 3833 755 3896 Rhenani
771 3833 821 3896 sui
837 3824 890 3916 I'p
909 3839 967 3894 302
985 3855 1053 3916 sqq.
1093 3851 1168 3894 eum
1188 3842 1298 3915 postea
1313 3840 1443 3912 611666-

279 3934 401 4016 grapho
413 3936 499 4016 quod
513 3937 654 4000 Boekius
674 3939 853 4001 confecerat
865 3937 970 4000 661166
988 3940 1144 4020 quasdam
1160 3938 1316 4025 lectiones
1322 3935 1443 3999 ibidem

279 4043 377 4120 6479
401 4039 503 4102 editae
524 4052 642 4120 666661,
675 4043 853 4126 equidem,¹
875 4054 912 4106 ut
934 4053 1020 4106 certo
1044 4043 1157 4106 scirem
1178 4042 1257 4125 quid
1275 4041 1310 4103 in
1334 4041 1443 4104 codice

279 4153 401 4206 extaret
409 4191 419 4220 ‚
437 4165 455 4206 6
469 4146 618 4210 Conrado
633 4148 792 4211 Bursiano
807 4149 901 4212 facile
916 4147 1077 4231 inpetraui
1092 4158 1147 4223 ut,
1172 4149 1251 4209 dum
1269 4147 1443 4210 Bruxellae

279 4259 510 4327 commoratur,
527 4251 667 4315 codicem
684 4255 791 4317 denuo
806 4263 982 4317 excuteret.
1014 4253 1049 4316 in
1064 4275 1129 4336 quo
1144 4274 1226 4334 quae
1240 4251 1317 4314 inde
1332 4273 1351 4314 a
1365 4251 1443 4314 folio

281 4358 427 4417 7366166
444 4354 615 4438 leguntur,
638 4359 807 4421 emendate
831 4358 950 4441 6611616
969 4368 1127 4441 repetam,
1150 4357 1198 4420 ita
1211 4367 1250 4420 ut
1265 4359 1441 4442 quodcum-
