3300 5084
485 337 634 380 armona
651 338 691 394 11,
709 328 785 378 2-5
804 316 873 401 1111,
893 317 1028 400 11-111

400 541 401 546 ’
475 523 562 586 IIII.
589 520 771 584 SEDITIO
786 520 1061 589 APVLEIANA.

185 707 311 769 Nihilo.
334 707 442 770 minus
463 707 621 789 Apuleius
653 707 847 770 Saturninus
869 708 1075 770 Gracchanas
1097 708 1241 769 adserere
1261 705 1347 786 leges
1360 721 1416 774 111,
1429 701 1468 760 16

94 865 97 870 ,
194 833 260 874 non
286 812 420 875 destitit.
458 822 586 877 tantum
612 812 792 874 animorum
818 813 942 876 Marius
969 814 1077 888 dabat,
1106 812 1162 894 qui
1187 809 1351 873 nobilitati

194 939 318 1000 semper
332 918 495 994 inimicus,
512 919 683 981 consulatu
698 921 934 1002 suo'praeterea
948 921 1144 981 confisusss.
1176 917 1280 980 occiso
1296 938 1350 998 pa·

156 1036 171 1082 5
193 1022 259 1084 lam
274 1023 411 1112 comitiis
426 1026 467 1086 A.
486 1023 611 1087 Ninnio
626 1023 822 1105 conpetitore
839 1023 1023 1087 tribunatus
1034 1026 1206 1106 subrogare
1218 1016 1351 1085 conatus

3 1141 12 1164 ’
111 1124 113 1128 ’
140 1124 144 1130 ’
195 1138 242 1190 est
257 1127 293 1192 in
308 1129 376 1192 eius
388 1131 496 1194 locum
507 1131 546 1193 G.
562 1112 758 1206 Gracchum,
771 1129 938 1191 hominem
953 1129 1022 1192 sine
1035 1129 1132 1205 tribu,
1147 1129 1216 1191 sine
1227 1139 1350 1204 notare,

195 1233 265 1296 sine
279 1234 428 1310 nomine3
445 1245 504 1322 set
526 1235 655 1298 subdito
679 1235 775 1298 titulo
796 1235 831 1298 in
854 1235 1012 1298 familiam
1032 1235 1100 1318 ipse
1115 1257 1149 1297 se
1164 1236 1349 1318 adoptabat.
1396 1292 1399 1296 Α

196 1360 271 1401 cum
286 1350 334 1402 tot
350 1340 512 1424 tantisque
527 1341 674 1405 ludibriis
690 1343 849 1404 exultaret
864 1342 1004 1425 inpune,
1026 1341 1175 1423 rogandis
1192 1340 1353 1404 Graccho·

198 1466 271 1507 rum
285 1446 410 1528 legibus
425 1446 472 1510 ita
485 1447 693 1510 uehementer
706 1447 857 1510 incubuit
870 1457 908 1509 ut
923 1450 1072 1511 senatum
1087 1469 1213 1530 quoque
1228 1456 1355 1529 cogeret
1375 1449 1378 1452 ’

147 1545 180 1612 lo
199 1551 234 1612 in
249 1553 348 1614 uerba
374 1552 496 1630 iurare,
508 1567 512 1572 “
525 1575 599 1615 cum
626 1553 843 1616 abnuentibus
868 1574 951 1635 aqua
966 1564 998 1615 et
1016 1553 1086 1636 igni
1107 1551 1355 1617 interdicturum

198 1656 384 1732 minaretur.
410 1681 495 1721 unns
519 1671 629 1722 tamen
645 1659 765 1735 extitit,
783 1658 839 1740 qui
860 1659 972 1722 mallet
993 1658 1138 1721 exilium.
1163 1658 1264 1742 igitur
1282 1669 1355 1740 post
1458 1658 1460 1663 ’

199 1763 326 1826 Metelli
340 1765 453 1846 fugam
468 1764 556 1827 omni
570 1764 740 1827 nobilitate
754 1764 902 1846 perculsa
916 1785 991 1826 cum
1004 1763 1071 1827 iam
1086 1763 1218 1826 tertium
1233 1785 1355 1825 annum

198 1870 433 1945 dominaretur,
457 1892 495 1932 eo
515 1853 668 1932 uesaniae
689 1891 875 1952 progressus
904 1880 952 1931 est
973 1880 1011 1931 ut
1033 1868 1214 1932 consularia
1228 1886 1355 1950 quoque

110 1961 112 1966 ¹
199 1975 329 2038 comitia
353 1996 440 2039 noua
460 1977 556 2038 caede
579 1977 732 2048 turbaret.
764 1975 882 2058 quippe
906 1986 944 2038 ut
972 1974 1145 2038 satellitem
1166 1973 1282 2037 furoris
1305 1973 1357 2036 sui

149 2094 179 2142 15
201 2081 373 2144 Glauciam
388 2081 553 2143 consulem
574 2078 710 2158 faceret,
736 2081 892 2144 Publium
907 2080 1105 2143 Mummium
1126 2079 1372 2162 conpetitorem⁴

197 2187 335 2250 interfici
350 2187 454 2262 iussit,
473 2196 505 2248 et
519 2185 554 2248 in
570 2209 607 2250 eo
621 2187 766 2250 tumultu
782 2209 890 2270 regem
901 2209 942 2249 ex
957 2186 1152 2250 satellitibus
1168 2185 1235 2248 suis
1252 2207 1355 2267 se‘ap·

200 2294 356 2378 pellatum
378 2294 480 2356 laetus
503 2293 636 2376 accepit.
670 2305 741 2356 tum
762 2316 839 2355 uero
866 2292 931 2355 iarn
953 2292 1188 2374 conspiratione
1211 2286 1354 2365 senatus,

199 2399 268 2482 ipso
285 2421 410 2483 quoque
424 2393 490 2460 iarn
505 2399 609 2462 Mario
625 2399 769 2473 consule,
786 2398 863 2480 quia
878 2396 961 2459 tueri
973 2420 1040 2460 non
1053 2407 1190 2479 poterat,
1208 2399 1354 2470 aduerso,

200 2506 337 2568 directae
367 2505 402 2565 in
432 2505 500 2566 foro
530 2502 632 2577 acies3
666 2503 779 2584 pulsus
806 2502 883 2564 inde
904 2502 1103 2585 Capitolium
1124 2501 1256 2563 inuasit.
1301 2501 1357 2568 sed

148 2623 180 2672 20
201 2631 277 2672 cum
293 2607 571 2691 abruptisfistulis
595 2607 792 2670 obsideretur
815 2607 1005 2690 senatuique
1026 2629 1083 2690 per
1103 2608 1226 2689 legatos
1247 2605 1356 2688 paeni-

201 2695 321 2778 tentiae
335 2716 433 2776 fidem
447 2713 584 2788 faceret,
610 2713 649 2774 ab
672 2734 742 2775 arce
764 2715 931 2796 degressus
954 2735 1029 2776 cum
1050 2712 1186 2776 ducibus
1208 2711 1356 2775 factionis

201 2831 346 2903 receptus
361 2820 397 2882 in
412 2819 534 2882 auriam
549 2828 608 2881 est.
633 2805 680 2881 ibi
701 2841 775 2881 eum
797 2819 883 2881 facta
903 2818 1088 2902 inruptione
1110 2819 1248 2902 populus
1264 2817 1356 2881 fusti·

200 2928 260 2989 bus
277 2912 425 3012 saxisque
441 2935 588 3008 opertum
602 2924 673 3007 ipsa
687 2947 814 3010 quoquc
830 2936 933 2988 morte
947 2925 1111 2989 lacerauit.
1343 2916 1345 2919 ¹

518 3166 559 3229 V.
586 3164 770 3228 SEDITIO
787 3165 1032 3229 DRVSIANA.

149 3379 181 3428 25
203 3369 370 3429 Postremo
386 3364 499 3428 Liuius
512 3366 638 3438 Drusus
650 3388 717 3428 non
729 3365 912 3429 tribunatus
924 3368 1020 3428 modo
1033 3366 1169 3442 uiribus,
1185 3369 1242 3429 sed
1256 3366 1358 3448 ipsius
1373 3379 1427 3434 ΙΙΙ,
1440 3361 1477 3419 17

203 3470 301 3533 etiam
313 3479 442 3532 senatus
456 3470 645 3532 auctoritate
658 3470 821 3551 totiusque
834 3471 851 3530 l
853 3469 949 3532 taliae
961 3493 1120 3534 consensu
1132 3462 1260 3534 easdem
1274 3471 1360 3561 leges

174 3579 176 3582 ’
205 3577 348 3638 adserere
363 3584 515 3648 conatus,
539 3576 618 3637 dum
640 3575 741 3638 aliurn
762 3585 870 3656 captat
886 3597 926 3638 ex
949 3575 1032 3652 alio,
1056 3588 1185 3665 tantum
1207 3577 1361 3640 conflauit

205 3896 219 3946 '2
233 3893 301 3946 nihil
314 3891 441 3945 hominus
452 3903 472 3943 Β
484 3891 493 3962 11
507 3892 673 3960 gracchanus
684 3904 704 3946 Β
717 3893 725 3963 11
740 3896 754 3945 3
771 3893 922 3946 animorum
938 3912 982 3946 om
999 3906 1019 3947 Β
1031 3894 1040 3963 11
1053 3895 1112 3948 uiro
1125 3895 1225 3949 marius
1236 3909 1286 3961 ΒΝ,
1301 3897 1361 3950 uiro

203 3978 289 4032 deleta
299 3977 307 4048 11
321 3983 336 4030 5
351 3976 432 4030 annio
443 3989 469 4028 N
480 3977 488 4046 11
503 3981 518 4029 6
530 3994 558 4045 g.
571 3988 597 4029 N
607 3976 615 4046 11
629 3976 716 4030 tribus
728 3990 772 4030 ΒΝ
782 3980 790 4050 11
804 3978 863 4031 sina
874 3987 983 4032 notares
995 3991 1030 4043 Β,
1049 3999 1091 4033 om
1102 3993 1126 4034 N
1138 3980 1147 4052 11
1161 3987 1175 4033 1
1189 3982 1280 4035 subito
1291 3995 1311 4036 Β
1323 3981 1332 4051 11
1346 3986 1361 4034 9

205 4071 360 4116 neementer
371 4076 390 4115 Β
409 4062 418 4133 11
440 4065 470 4116 10
484 4061 668 4141 annuentibus
679 4075 699 4116 Β
718 4063 726 4132 11
745 4063 954 4118 interdicturum
976 4083 1004 4118 se
1022 4065 1171 4120 minaretur
1186 4079 1211 4120 N
1228 4069 1237 4135 11
1260 4071 1290 4120 12
1308 4069 1361 4120 iam

206 4165 267 4198 cum
285 4160 310 4199 Ν
320 4148 329 4217 11
346 4151 376 4200 13
395 4147 537 4201 uaesaniae
556 4159 601 4200 ΒΝ
610 4147 619 4218 11
633 4147 784 4206 consolaria
802 4149 817 4201 b
830 4151 839 4220 1
855 4153 885 4201 14
898 4150 955 4202 suis
966 4163 991 4202 Ν
1002 4150 1011 4221 11
1027 4153 1057 4202 15
1071 4151 1200 4204 clariciam
1218 4165 1243 4204 Ν
1253 4152 1262 4222 11
1275 4153 1362 4204 facere

204 4243 225 4283 Β
238 4230 246 4298 11
260 4249 284 4282 c.
298 4233 472 4284 maummium
483 4244 507 4286 Ν
519 4233 528 4302 11
542 4239 722 4303 compotorem
734 4247 754 4286 Β
767 4235 775 4304 11
791 4239 822 4287 16
835 4235 985 4288 atellitibus
995 4247 1015 4287 Β
1028 4235 1036 4304 1
1050 4252 1078 4287 sa
1096 4254 1138 4288 om
1149 4250 1194 4289 ΒΝ
1204 4240 1213 4307 11
1228 4240 1259 4289 19
1272 4238 1362 4289 derce·

206 4321 250 4366 tae
267 4326 286 4365 Β
299 4315 308 4384 11
321 4316 449 4385 expulsus
468 4329 493 4369 Ν
503 4317 512 4386 11
525 4321 557 4370 10
571 4318 674 4371 abrutis
694 4319 709 4370 b
723 4319 731 4390 1
744 4319 841 4373 fistolis
853 4332 878 4373 Ν
888 4320 897 4389 11
911 4322 940 4371 21
956 4320 1094 4390 digressus
1105 4335 1125 4374 Β
1136 4323 1146 4392 11
1158 4322 1289 4374 factiones
1305 4319 1350 4389 Ν1

204 4403 240 4454 ,23
261 4406 419 4469 coopertum
436 4401 465 4452 in
483 4401 542 4470 ipsa
553 4413 577 4452 N
588 4401 597 4471 11
610 4406 642 4454 21
656 4416 801 4457 Davsmna
818 4417 934 4457 santulo
945 4405 990 4476 Ν1
1004 4409 1035 4458 21
1049 4405 1125 4458 aliud
1137 4413 1216 4475 capta
1226 4417 1251 4457 N
1262 4406 1271 4475 11

244 4497 360 4539 raonvs.
1150 4505 1165 4552 fi
1181 4513 1186 4518 ·
