3300 5084
721 359 724 368 ,
775 321 847 364 IVLI
861 322 960 366 FLORI

484 545 487 550 “
503 541 619 604 XVII.
644 541 830 605 BELLVM
846 540 972 626 CASSI
988 542 1047 604 ET
1061 541 1217 608 BRVTI.

168 777 235 831 1111,
251 759 402 821 7Brutus
419 769 450 820 et
466 759 596 822 Cassius
607 758 657 822 sic
672 759 955 843 Caesarem-quasi
976 760 1189 842 Tarquinium
1210 783 1318 844 regem
1338 765 1437 847 depu-

285 864 359 926 lisse
375 886 472 945 regno
488 863 700 940 uidebantur,
718 875 765 927 set
780 865 973 940 libertatem,
992 888 1087 947 quam
1101 867 1242 930 maxime
1256 868 1439 931 restitutam
1498 900 1504 910 ·

285 970 469 1044 uoluenmt,
486 968 542 1032 illc
558 970 627 1052 ipso
644 969 813 1052 parricidio
832 970 1049 1052 perdiderunt.
1074 972 1174 1054 igitur
1188 974 1284 1052 caede
1299 974 1440 1055 perfecta
1487 972 1492 976 ”

286 1058 360 1137 cum
375 1061 542 1138 ueteranos
559 1075 721 1158 Caesaris,
745 1096 804 1136 nec
820 1075 988 1150 inmerito,
1006 1075 1175 1152 timerent,
1193 1077 1303 1140 statim
1317 1100 1335 1140 e
1350 1079 1439 1141 curia
1458 1093 1474 1141 5

285 1181 320 1242 in
337 1179 537 1261 Capitolium·
549 1181 769 1262 confugerant.
795 1201 855 1241 nec
870 1179 935 1241 illis
947 1183 988 1244 ad
999 1181 1157 1243 ultionem
1172 1171 1436 1259 deerat'animus,

287 1287 342 1347 sed
358 1287 472 1348 ducem
486 1287 632 1346 nondum
645 1284 817 1347 habebant.
860 1284 964 1366 igitur
975 1307 1052 1347 cum·
1065 1296 1248 1368 appareret,
1265 1309 1346 1368 quae
1361 1300 1438 1352 stra·
1482 1302 1500 1316 ”

286 1397 342 1471 ge's
356 1390 403 1451 rei
416 1389 562 1471 publicae
577 1388 765 1463 inmineret,
783 1388 947 1470 displicuit
962 1390 1055 1471 ultio,
1074 1385 1149 1452 cum
1163 1374 1275 1455 caedes
1290 1393 1437 1476 inproba·
1476 1467 1480 1470 ‚

117 1551 118 1560 ,
228 1495 233 1500 '
286 1505 385 1570 retur.
417 1475 516 1576 igitur
542 1493 705 1558 Ciceronis
731 1493 873 1556 consiliis
899 1489 1073 1563 abolitione
1099 1498 1244 1572 decreta,
1266 1519 1309 1560 ne
1331 1508 1440 1560 tamen

286 1599 408 1680 publici
422 1599 539 1662 doloris
553 1582 662 1662 oculos
684 1597 832 1674 ferirent,
857 1599 893 1661 in
912 1601 1094 1682 prouincias
1115 1602 1155 1692 ab
1175 1601 1232 1663 illo
1247 1601 1323 1683 ipso
1343 1597 1439 1683 quem
1460 1613 1493 1664 10

28 1731 30 1738 ⁴
114 1737 121 1746 -
177 1781 178 1784 Ἴ
288 1703 468 1766 occiderant
483 1706 618 1766 Caesare
633 1705 754 1777 datas,
769 1703 895 1785 Syriam
910 1715 943 1768 et
958 1705 1182 1790 Macedoniam
1203 1701 1441 1791 concesserant,

288 1809 332 1871 sic
347 1808 492 1890 uindicta
506 1807 650 1892 Caesaris
666 1808 765 1869 dilata
780 1809 888 1889 potius
903 1833 1001 1892 quam
1015 1832 1164 1893 oppressa
1179 1820 1238 1872 est.

372 1913 479 1995 Igitur
492 1913 558 1976 iam
573 1913 719 1975 ordinata
733 1913 836 1996 magis
852 1925 889 1976 ut
902 1927 1027 1997 poterat
1042 1937 1138 1998 quam
1153 1926 1190 1978 ut
1205 1917 1342 1978 debebat
1355 1915 1440 1978 inter

288 2017 470 2081 triumuiros
486 2017 683 2100 republica,
706 2018 817 2080 relicto
834 2021 874 2082 ad
888 2020 976 2083 urbis
989 2019 1184 2102 praesidium
1199 2021 1341 2102 Lepido,
1360 2023 1438 2084 Cae-

288 2145 339 2186 sar
354 2145 427 2184 cum
441 2123 585 2185 Antonio
600 2123 635 2183 in
650 2123 799 2185 Cassium
821 2127 1023 2206 Brutumque
1045 2125 1252 2206 succingitur.
1284 2126 1334 2187 illi
1355 2148 1439 2188 com·
1461 2136 1493 2185 15

287 2227 608 2310 paratisingcntibus
624 2227 723 2310 copiis
739 2230 875 2289 eandem
889 2229 998 2303 illam,
1016 2251 1097 2311 quae
1111 2229 1219 2291 fatalis
1235 2230 1329 2292 Gneo
1345 2233 1440 2293 Pom·

287 2332 359 2414 peio
374 2331 448 2407 fuit,
467 2333 619 2394 harenam
633 2333 829 2395 insederant:
856 2335 912 2396 sed
931 2356 991 2397 nec
1007 2345 1077 2396 tum
1091 2333 1285 2396 inminentia
1299 2335 1439 2417 destinass

288 2448 339 2500 tae
355 2436 453 2499 cladis
469 2438 643 2500 latuerunt.
669 2448 792 2500 namet
815 2438 916 2521 signis
937 2439 1058 2502 insedit
1078 2456 1214 2501 examen
1235 2449 1267 2502 et
1289 2441 1441 2503 adsuetae

288 2545 481 2605 cadauerum
506 2543 624 2624 pabulo
650 2543 796 2606 uolucres
822 2556 926 2607 castra
952 2545 1043 2628 quasi
1065 2543 1129 2605 iam
1151 2565 1209 2606 sua
1231 2543 1440 2608 circumuola-

287 2649 384 2721 bant,
412 2647 500 2709 etin
523 2648 624 2710 aciem
638 2649 871 2730 prodeuntibus
891 2649 1007 2713 obuius
1028 2649 1185 2731 Aethiops
1212 2649 1310 2712 nimis
1331 2661 1440 2732 aperte
1460 2663 1493 2712 20

228 2825 230 2832 y
287 2753 385 2815 ferale
401 2752 529 2832 signum
543 2752 616 2814 fuit.
634 2752 758 2835 ipsique
773 2752 875 2819 Bruto
890 2777 946 2838 per
960 2765 1101 2830 noctem,
1119 2775 1194 2816 cum
1205 2754 1307 2817 inlato
1318 2756 1440 2818 lumine

288 2879 328 2918 ex
343 2874 430 2917 more
446 2855 554 2935 aliqua
568 2877 677 2918 secum
693 2859 847 2940 agitaret,
872 2871 940 2923 atra
962 2861 1119 2943 quaedam
1140 2860 1247 2942 imago
1269 2882 1303 2922 se
1324 2860 1441 2923 obtulit

177 2985 178 2988 ¹
241 3019 243 3022 ,
289 2971 332 3035 11,
350 2981 431 3041 quae
447 2969 531 3021 esset
545 2960 757 3042 interrogata,
778 2958 877 3026 ‘tuus’
900 2964 1006 3047 inquit
1022 2960 1141 3027 ‘malus
1162 2965 1277 3046 genius
1285 2958 1306 3040 ,'
1329 2988 1366 3027 ac
1380 2967 1440 3029 sub

163 3067 165 3076 ’
288 3064 389 3127 oculis
411 3061 557 3126 mirantis
579 3065 729 3142 euanuit.¹
753 3069 829 3154 pari-
844 3068 880 3130 in
900 3066 1219 3152 melioraqiraeSagio
1241 3071 1277 3132 in
1297 3070 1440 3134 Caesaris

288 3169 398 3233 castris
414 3169 521 3231 onmia
536 3191 611 3232 aues
626 3169 840 3252 uictimaeque
855 3171 1076 3254 promiserant.
1101 3176 1157 3236 sed
1175 3175 1258 3236 nihil
1278 3175 1335 3237 illo
1345 3197 1442 3257 prae·
1460 3188 1494 3236 25

288 3273 439 3349 stantius,
452 3275 538 3354 quod
547 3275 690 3338 Caesaris
697 3269 846 3355 :medicus
861 3277 986 3367 somnio
1000 3278 1183 3341 admonitus
1198 3290 1258 3356 est,
1274 3288 1312 3355 ut
1327 3281 1443 3342 Caesar

289 3379 400 3442 castris
416 3381 599 3455 excederet,
618 3380 733 3462 quibus
756 3383 827 3465 capi
847 3382 1054 3459 imminebat3
1080 3395 1118 3446 ut
1139 3385 1260 3446 factum
1282 3396 1341 3448 est.
1374 3385 1441 3447 acie

287 3507 425 3567 namque
432 3484 600 3549 commissa
607 3508 680 3550 cum
686 3487 756 3570 pari
769 3489 878 3552 ardore
886 3487 1073 3570 aliquandiu
1088 3488 1277 3552 dimicatum
1291 3489 1383 3564 foret,
1395 3501 1439 3566 et,

290 3845 305 3893 2
318 3859 345 3910 g.
360 3857 493 3892 caesarem
505 3852 530 3893 N
538 3839 549 3908 ll
563 3839 711 3909 depulisset
721 3853 740 3896 Β
754 3840 762 3911 ll
775 3843 790 3893 3
803 3842 948 3895 uidebatur
959 3855 979 3896 Β
991 3842 1001 3913 Π
1014 3843 1053 3896 111
1070 3844 1086 3894 d
1093 3882 1100 3907 ,
1123 3843 1172 3894 sed
1183 3853 1227 3893 BN
1236 3842 1247 3911 ll
1260 3846 1273 3894 5
1286 3857 1355 3893 eom
1366 3850 1393 3891 N
1402 3839 1412 3909 ΙΙ
1426 3843 1440 3890 7
1507 3871 1512 3874 -

289 3932 429 3994 appareret
440 3937 465 3977 N
475 3925 484 3995 ll
506 3927 595 3976 Saum
614 3925 732 3978 consulis
744 3926 894 3980 aboliciona
905 3939 929 3979 N
942 3927 951 3998 Π
966 3931 996 3980 10
1010 3935 1131 3996 sperrent
1148 3927 1192 3995 Nl}
1207 3929 1237 3978 13
1256 3927 1309 3977 iam
1327 3942 1369 3975 ora
1386 3935 1411 3975 N
1421 3924 1431 3993 ΙΙ

290 4027 370 4078 quam
382 4010 494 4062 uidebat
505 4010 533 4061 in
546 4009 702 4062 triumuiros
712 4027 756 4062 res
768 4011 878 4080 publica
889 4012 933 4081 N'l
949 4015 978 4062 11
999 4027 1048 4062 nec
1066 4017 1109 4062 tot
1125 4023 1144 4061 Β
1158 4009 1166 4078 ll
1182 4013 1213 4061 18
1226 4009 1310 4074 cladis
1322 4007 1440 4060 destina-

289 4100 332 4146 tae
345 4093 425 4162 signa
435 4094 573 4167 latuerunt
584 4106 609 4146 N
619 4094 629 4164 ll
642 4101 669 4146 11
681 4125 714 4134 -
727 4112 839 4147 examen
858 4113 900 4147 om
916 4094 1007 4164 111119
1025 4100 1112 4146 eastra
1129 4112 1171 4145 om
1189 4106 1209 4145 Β
1222 4093 1230 4163 fl
1245 4097 1277 4147 20
1297 4100 1325 4147 et
1341 4112 1384 4145 om
1395 4093 1441 4162 Nl]

289 4177 368 4230 ouius
380 4190 405 4229 N
416 4179 424 4248 ll
438 4179 561 4249 aethiope
573 4192 592 4230 Β
605 4179 614 4248 l
628 4182 660 4230 22
673 4180 773 4248 optulit
784 4193 808 4232 N
819 4180 828 4249 l}
843 4183 874 4231 23
887 4195 940 4247 qua
957 4191 977 4231 Β
989 4178 999 4246 ll
1012 4177 1107 4245 inquid
1126 4189 1145 4229 Β
1157 4177 1166 4248 fl
1180 4195 1210 4230 ac
1223 4179 1274 4231 sub
1285 4178 1441 4248 Hauptius:

287 4262 340 4314 hoc
352 4262 402 4314 sub
414 4274 447 4325 Β,
462 4262 514 4314 hoc
527 4269 555 4315 et
566 4263 617 4314 sub
628 4276 654 4315 N
664 4263 673 4333 ll
687 4266 719 4314 24
732 4263 859 4315 mirantes
873 4263 887 4314 b
900 4262 909 4330 ΙΙ
921 4261 1089 4330 praesagiat
1102 4261 1111 4332 ll
1124 4265 1156 4324 21
1169 4263 1338 4333 praesentius
1349 4275 1375 4316 N
1385 4264 1394 4332 ΙΙ
1409 4265 1440 4315 26

289 4346 398 4397 omnino
411 4357 436 4398 N
447 4345 455 4416 ll
468 4350 510 4398 est
521 4347 574 4398 add
586 4366 619 4408 ς.·
637 4365 679 4398 om
690 4358 735 4399 BN
744 4347 753 4416 ll
767 4351 799 4400 28
812 4354 840 4400 et
851 4347 904 4399 add
916 4363 948 4408 ςε
962 4364 1004 4398 om
1015 4347 1078 4417 BNss
