3300 5084
296 343 336 407 82
676 421 681 432 ¹
715 379 718 386 -
790 327 861 404 ivri
876 359 976 404 raoni

294 508 481 573 incendium
507 519 544 570 ut
565 529 607 570 ne
635 507 771 592 primam
792 507 890 571 illius·
914 509 1078 572 flammam
1108 516 1216 588 posset
1242 504 1400 568 sustinere
1421 515 1454 568 et

296 615 403 678 subita
423 623 527 676 morte
553 625 717 695 correptus
744 614 975 677 hereditarium
988 613 1036 674 'in
1061 622 1203 694 posteros
1230 633 1305 676 suos
1329 613 1453 674 bellum

295 728 495 804 propagaret.
526 718 694 782 iudiciaria
715 721 785 802 lege
801 720 942 784 Gracchi
962 719 1140 782 diuiserant
1161 718 1319 800 populum
1334 719 1453 782 Roma-

294 847 376 890 num
398 835 430 887 et
456 823 623 908 bicipitem
645 848 685 888 ex
706 848 773 888 una
792 826 936 890 fecerant
955 825 1132 888 ciuitatem.
1166 821 1453 915 equites‘Romani

296 941 389 996 tanta
401 941 560 1014 potestate
581 930 731 1008 subnixi,
755 929 864 1012 utqui
886 930 953 994 fata
972 931 1178 1012 fortunasque
1198 927 1382 1010 principum
1396 929 1453 992 ha·
1474 942 1490 990 5

294 1039 408 1106 berent
422 1036 457 1098 in
472 1058 589 1112 manu,
612 1036 797 1120 interceptis
820 1036 1034 1118 uectigalibus
1057 1035 1290 1118 peculabantur
1311 1057 1369 1098 suo
1384 1035 1454 1098 iure

296 1164 363 1210 rem
378 1140 559 1226 publicam3
579 1155 709 1206 senatus
726 1141 822 1204 exilio
838 1141 977 1217 Metelli,
994 1140 1202 1204 damnatione
1217 1140 1324 1207 Rutili
1339 1141 1453 1204 debili-

296 1259 383 1312 tatus
400 1268 494 1310 omne
509 1249 605 1312 decus
621 1246 797 1312 maiestatis
814 1246 973 1310 amiserat.
997 1247 1033 1308 in
1048 1247 1109 1316 hoc
1124 1258 1213 1309 statu
1234 1268 1341 1308 rerum
1362 1267 1455 1329 pares

296 1353 410 1436 opibus
426 1351 542 1414 animis
557 1353 716 1436 dignitate
743 1356 823 1434 (una
837 1352 996 1416 natalium
1010 1375 1030 1416 a
1044 1353 1152 1415 Druso
1167 1351 1340 1416 aemulatio
1355 1353 1453 1418 faces-

297 1458 412 1540 sierat)
429 1457 569 1540 equitem
585 1458 742 1522 Seruilius
762 1459 900 1541 Caepio,
925 1469 1073 1520 senatum
1088 1456 1205 1521 Liuius
1220 1457 1347 1520 Drusus
1363 1459 1452 1522 adse·
1476 1470 1509 1518 ιο

297 1585 375 1628 rere.
401 1563 494 1646 signa
509 1564 634 1651 aquilae
649 1575 681 1626 et
696 1563 818 1629 uexilla
832 1565 981 1636 deerant:
1008 1574 1151 1626 ceterum
1173 1562 1219 1626 sic
1240 1563 1318 1629 urbe
1338 1563 1373 1626 in
1388 1585 1455 1628 una

297 1669 388 1752 quasi
404 1669 438 1730 in
452 1668 539 1732 binis
560 1669 670 1733 castris
687 1668 912 1734 dissidebatur.
937 1668 1024 1751 prior
1039 1668 1160 1750 Caepio
1179 1668 1216 1732 in
1231 1678 1380 1732 senatum
1394 1668 1454 1732 im·

295 1785 375 1858 petu
390 1775 474 1840 facto
489 1798 558 1840 reos
574 1775 714 1840 ambitus
730 1775 889 1838 Scaurum
904 1788 936 1838 et
957 1773 1149 1856 Philippum
1163 1774 1323 1861 principes
1339 1774 1454 1841 nobili·

298 1880 372 1942 tatis
400 1881 507 1962 elegit.
544 1883 595 1946 his
617 1893 654 1946 ut
679 1879 819 1944 motibus
846 1879 1008 1944 resisteret
1033 1881 1173 1956 Drusus,
1201 1881 1329 1963 plebem
1355 1881 1456 1942 adse

298 1986 495 2050 Gracchanis
518 1984 665 2068 legibus,
694 1985 859 2068 isdemque
885 1986 987 2051 socios
1013 1987 1054 2051 ad
1078 1987 1206 2067 plebem
1232 2008 1288 2068 spe
1312 1985 1455 2051 ciuitatis
1477 1998 1508 2046 15

299 2093 408 2157 traxit.
434 2101 523 2156 extat
538 2112 603 2156 uox
617 2090 737 2176 ipsius,
754 2091 840 2154 nihil
854 2113 887 2154 se
903 2093 944 2156 ad
963 2091 1169 2175 largitionem
1192 2091 1252 2157 ulli
1274 2092 1453 2176 reliquisse,

298 2197 362 2262 nisi
378 2197 405 2259 si
420 2197 491 2283 quis
508 2206 564 2260 aut
579 2217 715 2262 caenum
730 2196 874 2261 diuidere
895 2198 995 2263 uellet
1010 2208 1068 2262 aut
1090 2198 1225 2260 caelum.
1250 2199 1362 2260 aderat
1383 2219 1455 2279 pro·

298 2303 466 2389 mulgendi
481 2301 561 2377 dies,
579 2324 653 2366 cum
665 2301 771 2367 subito
787 2314 880 2366 tanta
891 2302 942 2366 uis
953 2303 1123 2367 hominum
1134 2302 1277 2384 undique
1292 2302 1454 2385 apparuit,

299 2420 336 2475 ut
351 2409 494 2474 hostium
509 2410 653 2474 aduentu
668 2410 796 2472 obsessa
817 2408 932 2472 ciuitas
953 2408 1126 2473 uideretur.
1151 2428 1248 2473 arnus
1270 2417 1379 2472 tamen
1400 2409 1455 2471 oh

298 2537 409 2598 rogare
424 2514 549 2598 legibus
565 2495 678 2579 consul
694 2513 886 2598 Philippus,
903 2515 959 2578 sed
974 2514 1209 2596 adprehensum
1223 2513 1369 2578 faucibus
1385 2512 1453 2577 uia·
1476 2525 1510 2574 20

299 2631 349 2686 tor
363 2642 429 2709 non
446 2631 521 2686 ante
537 2619 659 2684 dimisit
675 2641 771 2704 quam
784 2620 929 2703 ‚sanguis
949 2619 985 2682 in
1006 2641 1041 2683 os
1064 2631 1097 2684 et
1119 2620 1227 2684 oculos
1249 2620 1455 2684 redundaret.

299 2726 345 2789 sic
359 2748 417 2810 per
433 2725 503 2790 uim
517 2726 601 2791 latae
618 2725 788 2812 iussaeque
809 2726 908 2810 leges.
934 2736 967 2789 et
987 2725 1129 2807 pretium
1150 2725 1326 2808 rogationis
1346 2720 1458 2790 statim

300 2831 378 2894 socii
393 2829 555 2914 flagitare3
582 2851 656 2894 cum
670 2829 814 2916 inparem
830 2832 975 2895 Drusum
990 2835 1186 2914 ae'grumque
1208 2853 1314 2894 rerum
1340 2843 1458 2894 temere

300 2946 460 2999 motarum
476 2945 615 3010 matura,
632 2936 718 2998 utin
734 2937 792 3000 tali
807 2936 1012 3012 discrimine,
1030 2959 1115 3000 mors
1131 2937 1276 3002 abstulit.
1307 2960 1367 3000 nec
1388 2937 1461 3000 ideo

300 3041 408 3104 minus
431 3040 508 3102 socii
531 3041 687 3123 promissa
709 3041 807 3104 Drusi
829 3064 848 3105 a
868 3043 989 3126 populo
1011 3044 1159 3106 Romano
1179 3063 1341 3124 reposcere
1361 3040 1458 3103 armis
1479 3053 1513 3102 25

301 3146 505 3210 destiterunt.

305 3472 315 3520 1
332 3468 444 3538 primam
457 3467 531 3520 illius
544 3469 676 3520 flammam
689 3470 799 3540 scrqrai:
817 3471 904 3542 prima
916 3471 990 3523 illius
1001 3471 1109 3524 flamma
1120 3484 1164 3524 BN
1174 3472 1184 3542 ll
1197 3472 1330 3525 sustinere
1350 3470 1382 3522 b:
1402 3486 1459 3522 sus-

302 3553 383 3607 tineri
394 3565 439 3606 BN
449 3553 457 3625 Η
471 3557 485 3632 3
499 3553 659 3605 iudicor-iat
672 3554 680 3624 ll
694 3573 721 3624 g.
736 3555 901 3624 gracchiNll
915 3559 929 3606 4
943 3556 990 3608 sed
1009 3568 1028 3608 B
1045 3557 1056 3625 ll
1074 3558 1089 3608 6
1110 3557 1169 3610 iure
1188 3588 1222 3597 -
1241 3556 1323 3610 exilio
1347 3574 1390 3608 om
1413 3553 1457 3623 Nl

303 3644 317 3690 7
331 3646 441 3691 senatus
455 3659 490 3700 ς.·
508 3638 609 3708 pilatus
620 3652 640 3691 Ν
653 3641 661 3708 ΙΙ
674 3640 762 3692 ruttili
774 3653 799 3692 N
809 3640 818 3710 ll
832 3644 847 3692 8
866 3659 961 3711 regum
973 3653 999 3693 N
1009 3641 1019 3710 ,l
1031 3645 1047 3693 9
1066 3659 1122 3694 una
1132 3643 1265 3695 natalium
1277 3659 1294 3694 a
1305 3639 1460 3709 Haupta'ua:

303 3723 415 3776 undeet
433 3722 564 3775 natalium
575 3735 607 3787 B,
629 3723 701 3775 unde
721 3733 749 3777 et
767 3725 898 3778 nataliuio
910 3737 936 3778 Ν
945 3726 954 3796 [l
967 3725 1122 3780 lacessierat
1138 3726 1296 3795 Hauptiua:
1313 3729 1463 3777 accesserat

301 3807 366 3876 BN„
381 3812 412 3860 10
426 3807 573 3876 equitatem
584 3819 612 3871 B,
626 3811 765 3877 aequitum
783 3822 809 3863 N
819 3812 828 3877 ΙΙ
845 3815 872 3862 ll
895 3811 973 3881 signa
991 3818 1020 3864 et
1037 3811 1144 3882 aquilae
1159 3822 1185 3863 N
1195 3811 1204 3880 ΙΙ
1223 3810 1336 3862 aderant
1353 3819 1379 3860 N
1397 3807 1405 3875 ΙΙ
1430 3809 1461 3858 12

304 3897 400 3944 senatu
412 3904 431 3942 Β
444 3891 452 3962 l
469 3895 497 3946 15
512 3891 651 3961 isdemque
664 3895 743 3946 sociis
755 3907 789 3960 B,
810 3896 911 3949 eisdem
924 3896 1012 3963 socios
1031 3908 1056 3949 N
1066 3896 1075 3965 u
1092 3901 1122 3948 16
1141 3894 1226 3948 traxit
1243 3890 1460 3946 Freinshemius:

300 3973 387 4028 erexit
398 3987 442 4027 BN
453 3975 462 4046 ll
475 3983 539 4029 exat
551 3990 578 4040 B,
594 3985 683 4031 exstat
694 3991 719 4030 N
729 3980 738 4048 ll
754 3983 782 4032 17
797 3981 820 4033 si
833 3992 906 4034 omN
918 3983 927 4051 fl
942 3981 972 4033 19
984 3983 1043 4034 οἷς
1054 3972 1150 4050 rogare
1162 3978 1214 4031 tub
1225 3977 1366 4048 leglbfflb
1381 3975 1460 4030 0b10·

301 4077 364 4132 gare
383 4060 416 4112 de
428 4060 536 4129 legibus
548 4075 574 4114 N
585 4063 593 4133 Η
609 4067 637 4116 21
654 4063 749 4118 diuisit
760 4078 779 4117 B
793 4066 802 4136 ll
814 4066 844 4120 in
856 4084 902 4120 ore
915 4065 1008 4119 oculos
1019 4064 1064 4134 ΝΙΙ
1077 4068 1110 4118 22
1129 4064 1173 4118 ius
1191 4078 1277 4131 aeque
1287 4075 1312 4114 N
1324 4062 1334 4133 l
1346 4061 1452 4132 sedNfl

301 4145 457 4214 rogationes
469 4158 489 4197 B
503 4145 512 4215 ΙΙ
526 4150 557 4198 23
571 4147 650 4200 sociis
668 4161 693 4200 N
704 4150 712 4220 il
726 4168 787 4203 cum
806 4151 915 4206 interim
933 4150 1044 4205 drusum
1065 4161 1090 4204 Ν
1100 4149 1109 4220 l
1123 4151 1156 4205 26
1168 4147 1334 4202 destiterunt
1344 4148 1462 4220 Momm·

303 4229 406 4281 senius:
427 4229 566 4284 desierunt
578 4244 621 4283 ΝΝ
631 4233 640 4302 [Ι
939 4229 946 4240 ’
