3300 5084
312 365 352 426 58
790 365 862 424 ivm
877 377 975 422 rnonr
1001 353 1004 358 ’

310 531 432 616 potitus
454 527 653 612 Hiempsalis
676 525 780 610 eapite
802 549 878 590 cum
897 549 931 591 se
953 527 987 589 in
1015 527 1233 590 Adherbalem
1248 528 1465 592 conuertisset

311 637 401 720 isque
416 617 555 698 Romam
573 632 785 716 profugisset,
816 633 992 715 missaper
1011 635 1136 716 legatos
1156 632 1295 715 pecunia
1315 633 1415 696 traxit
1429 634 1465 696 in

287 789 288 794 η
309 741 505 804 sententiam
520 761 613 803 suam
625 747 787 802 senatum.
812 748 846 801 et
859 738 1023 801 baec-eius
1037 739 1101 801 fuit
1115 739 1156 800 de
1170 737 1264 801 nobis
1274 737 1383 820 -prima
1396 739 1463 801 uic·

265 876 268 879 ·
309 847 403 910 toria.
434 846 548 908 missos
570 844 704 919 deinde,
728 843 785 926 qui
805 865 943 926 regnum
964 843 1050 906 inter
1067 843 1164 906 illum
1184 844 1464 927 Adherbalemque

311 945 512 1026 diuiderent,
540 949 687 1013 similiter
710 951 896 1030 adgressus,
920 971 996 1011 cum
1014 949 1050 1010 in
1066 949 1193 1012 *Scauro
1210 949 1301 1030 ipsos
1321 950 1463 1013 Romani
1482 964 1498 1012 5

257 1095 265 1103 ·
311 1056 438 1138 imperii
457 1077 560 1119 mores
582 1064 817 1137 expugnasset,
841 1054 1030 1116 inchoatum
1048 1055 1139 1118 nefas
1160 1055 1295 1143 perfecit
1315 1056 1460 1122 audacia.

311 1164 368 1225 sed
389 1183 456 1224 non
477 1161 534 1224 diu
558 1161 662 1224 latent
687 1161 816 1222 scelera.
852 1169 1020 1242 corruptae
1039 1159 1130 1223 nefas
1151 1161 1323 1244 legationis
1345 1161 1463 1243 erupit,

311 1256 495 1350 placuitque
509 1265 657 1348 persequi
670 1265 756 1328 bello
770 1264 973 1346 parricidam.
997 1265 1121 1348 primus
1136 1265 1173 1328 in
1187 1265 1379 1332 Numidiam
1389 1268 1464 1330 Cal-

311 1371 447 1455 purnius
462 1370 573 1434 Bestia
585 1371 700 1433 consul
715 1370 909 1446 inmittitur3
938 1373 994 1434 sed
1014 1393 1090 1447 rex,
1108 1382 1258 1454 expertus
1279 1362 1394 1435 fortius
1410 1375 1464 1435 ad·

298 1500 424 1541 uersus
439 1479 603 1540 Romanos
617 1497 733 1538 aurum
747 1497 816 1542 esse
838 1497 937 1562 quam
954 1476 1097 1553 ferrum,
1119 1499 1232 1560 pacem
1252 1477 1341 1540 emit.
1371 1477 1464 1540 cuius
1486 1489 1518 1539 1⁰

312 1582 428 1666 flagitii
442 1604 515 1645 reus
527 1585 605 1644 'cum
611 1581 853 1645 interueniente
863 1583 994 1665 publica
1003 1585 1068 1646 fide
1079 1605 1099 1645 a
1109 1592 1226 1645 senatu
1240 1567 1462 1659 arcesseretm,

252 1705 255 1710 ’
311 1688 381 1772 pari
396 1687 530 1750 audacia
544 1697 576 1750 et
591 1687 683 1750 uenit
697 1697 730 1752 et
751 1687 982 1770 conpetitorem
1001 1687 1128 1771 imperii
1149 1687 1357 1753 Massinissae
1377 1691 1464 1752 Mas·

312 1795 417 1858 sinam
441 1793 575 1857 inmisso
599 1797 784 1876 percussore
809 1792 959 1858 confecit.
990 1793 1070 1855 baec
1094 1795 1196 1856 altera
1218 1803 1333 1857 contra
1356 1815 1466 1876 regem

312 1921 409 1986 eausa
421 1899 500 1964 belli
514 1899 588 1962 fuit.
605 1898 705 1982 igitur
721 1921 858 1983 sequens
873 1898 956 1962 ultio
970 1900 1143 1961 mandatur
1157 1898 1288 1962 Albino.
1304 1910 1352 1963 set
1366 1899 1464 1962 buius

312 1999 438 2088 quoque
453 2039 503 2054 1-—
517 2025 574 2086 pro
590 2005 727 2069 dedecus
744 2041 784 2054 --
800 2005 898 2068 frater
911 2005 959 2066 ita
972 2005 1114 2087 corrupit
1135 2005 1313 2068 exercitum
1321 2053 1331 2082 ,
1355 2014 1393 2068 ut
1406 2026 1463 2067 uo·
1486 2015 1518 2065 15

311 2109 454 2173 luntaria
466 2102 649 2172 nostrerum
662 2110 742 2191 fuga
762 2108 907 2172 uinceret
928 2110 1074 2174 Numida
1092 2110 1267 2192 castrisque
1287 2120 1462 2193 poteretur,

312 2214 420 2277 addito
436 2213 534 2277 etiam
549 2213 636 2296 turpi
650 2215 776 2276 foedere
791 2212 827 2274 in
841 2213 982 2295 pretium
1005 2213 1137 2289 salutis,
1162 2236 1225 2296 quo
1250 2236 1331 2297 quos
1346 2226 1466 2278 emerat

312 2318 434 2382 dimisit
450 2317 618 2381 exercitus.
646 2320 777 2381 tandem
797 2317 834 2379 in
848 2317 1007 2380 ultionem
1020 2339 1087 2380 non
1102 2329 1169 2381 tam
1184 2319 1310 2401 imperii
1324 2319 1466 2382 Romani

311 2446 409 2507 quam
422 2424 553 2507 pudoris
568 2424 721 2488 Metellus
736 2422 901 2508 adsurgit,
924 2423 982 2506 qui
1003 2422 1208 2486 callidissime
1230 2423 1356 2493 hostem
1375 2445 1465 2486 nunc

310 2530 458 2614 precibus
480 2551 568 2592 nunc
588 2529 705 2605 minis,
732 2528 798 2594 iam
820 2529 973 2592 simulata
994 2529 1060 2592 iam
1081 2551 1159 2592 uera
1179 2530 1258 2612 fuga
1279 2528 1465 2592 eludentem
1485 2543 1519 2591 20

311 2622 433 2700 artibus
449 2634 514 2697 suis
531 2636 698 2718 adgressus
714 2645 773 2698 est.
799 2657 949 2718 agrorum
971 2644 1067 2716 atque
1088 2633 1236 2698 uicorum
1255 2635 1465 2718 populatione

311 2762 370 2803 nec
385 2749 555 2805 contentus
570 2740 606 2804 in
620 2739 690 2822 ipsa
700 2740 877 2804 Numidiae
889 2739 995 2823 capita
1005 2740 1164 2823 impetum
1173 2741 1250 2804 fecit
1257 2765 1268 2817 3
1286 2750 1319 2803 et
1330 2741 1465 2804 Zamam

312 2845 441 2928 quidem
455 2845 574 2908 frustra
588 2835 703 2922 adiuit,
720 2855 862 2910 ceterum
879 2844 1035 2922 Thalam,
1050 2867 1185 2930 graumn
1199 2847 1296 2910 armis
1312 2846 1463 2910 thensau-

311 2950 418 3034 risque
433 2949 529 3032 regis,
547 2949 691 3034 diripuit.
717 2960 795 3013 tunc
812 2950 945 3013 urbibus
961 2961 1098 3014 exutum
1109 2973 1218 3034 regem
1229 2961 1262 3014 et
1273 2951 1339 3016 iam
1349 2951 1464 3015 finium

311 3077 442 3120 suorum
457 3055 610 3140 regnique
631 3054 808 3137 fugitiuum
822 3077 879 3138 per
893 3057 1026 3120 Mauros
1041 3053 1145 3140 adque
1156 3057 1342 3121 Gaetuliam
1352 3063 1463 3141 seque·
1484 3069 1518 3119 25

223 3142 228 3152 ’
310 3161 416 3224 batur.
439 3170 599 3242 postremo
614 3161 738 3226 Marius
754 3161 857 3224 auctis
872 3161 1046 3226 admodum
1060 3163 1174 3246 copiis,
1191 3184 1337 3246 cumpro
1352 3164 1464 3226 obscu-

309 3264 404 3328 ritate
418 3249 543 3348 generis
559 3267 610 3330 sui
625 3266 729 3350 capite
744 3289 856 3331 censos
872 3278 1071 3333 sacramento
1087 3268 1264 3352 adegisset,
1276 3267 1342 3331 iam
1356 3269 1466 3332 fusum

310 3381 343 3433 et
365 3370 510 3435 saucium
532 3394 641 3456 regem
660 3374 810 3450 adortus,
839 3372 906 3436 noir
926 3372 1053 3436 facibus
1081 3383 1191 3436 tamen
1216 3373 1297 3437 uicit
1318 3395 1416 3456 quam
1437 3374 1465 3436 si

310 3477 472 3562 integrum
487 3500 524 3544 ae
536 3489 708 3546 recentem.
732 3477 787 3544 bic
809 3488 842 3543 et
863 3479 976 3544 urbem
990 3480 1030 3544 ab
1040 3479 1189 3544 Hercule
1204 3478 1368 3544 conditam
1382 3481 1464 3566 Cap—

312 3837 324 3885 1
338 3833 483 3902 potiusque
495 3831 631 3885 hiemsalis
642 3843 668 3884 N
678 3831 687 3903 11
701 3836 716 3886 2
728 3832 824 3903 hisque
836 3845 856 3885 Β
868 3833 878 3903 11
892 3837 907 3886 3
925 3833 992 3886 haee
1003 3833 1058 3887 fuit
1069 3833 1103 3887 de
1115 3833 1194 3886 nobis
1212 3833 1271 3886 eius
1291 3844 1315 3884 N
1327 3831 1337 3901 11
1349 3835 1365 3883 4
1378 3832 1467 3884 atber-

309 3917 452 3986 balemque
463 3929 489 3970 N
499 3917 507 3987 11
521 3921 537 3969 6
550 3916 679 3970 audacius
690 3929 716 3970 N
726 3917 735 3987 11
749 3921 763 3968 7
775 3917 825 3969 diu
837 3933 893 3969 non
905 3930 931 3970 N
941 3919 949 3989 1
963 3922 979 3970 8
999 3917 1071 3972 bello
1091 3914 1217 3987 persequi
1235 3928 1261 3969 N
1272 3917 1281 3985 11
1294 3915 1411 3977 Questia
1420 3927 1440 3967 Β
1453 3916 1463 3985 1

310 4008 437 4072 expertus
460 4001 556 4070 scrqsss'
561 4023 570 4053 .·
598 4001 701 4071 peritus
723 4013 768 4054 ΒΝ
790 4001 799 4072 11
828 4005 857 4053 11
876 4009 1058 4055 accerseretur
1080 4013 1106 4054 N
1123 4001 1132 4071 11
1155 4005 1184 4052 12
1210 3999 1316 4069 imperii
1335 3999 1465 4053 asinissae

310 4085 441 4138 masiuam
452 4098 478 4138 Ν
488 4085 497 4156 11
515 4085 673 4139 masinissae
697 4103 739 4137 om
758 4098 778 4138 Β
799 4087 808 4156 11
829 4090 860 4139 13
878 4104 971 4156 regem
982 4086 1036 4139 fuit
1048 4102 1128 4138 eausa
1139 4085 1259 4138 bellandi
1270 4097 1295 4136 N
1309 4083 1319 4153 11
1339 4087 1370 4136 15
1382 4085 1465 4137 irater

310 4189 353 4224 om
363 4183 388 4222 N
400 4171 407 4241 11
424 4175 454 4224 16
467 4177 606 4241 poteretur
617 4170 651 4222 d.-
669 4169 803 4238 potiretur
819 4184 864 4225 ΒΝ
873 4173 883 4242 11
898 4176 929 4224 17
942 4189 997 4241 quo
1009 4170 1107 4239 scripsi
1112 4191 1121 4221 .-
1145 4169 1221 4239 quod
1231 4182 1260 4234 Β,
1274 4169 1350 4239 quod
1361 4169 1465 4239 primus

310 4267 335 4308 N
346 4255 354 4326 11
370 4259 404 4308 18·
413 4256 562 4308 exereitum
574 4256 670 4311 eodem
681 4260 802 4324 tempore
813 4255 843 4308 in
853 4268 877 4307 Ν
889 4256 899 4326 11
913 4260 945 4310 19
956 4255 1073 4310 matellis
1084 4267 1104 4307 Β
1115 4255 1125 4325 1
1139 4259 1173 4310 20
1184 4255 1239 4311 iam
1251 4255 1330 4326 quasi
1341 4271 1407 4307 uera
1417 4266 1443 4310 N
1452 4255 1462 4324 1

310 4343 343 4395 22
355 4339 509 4394 necvaddidi
516 4360 525 4390 .·
539 4351 633 4392 ornNN
641 4339 652 4408 11
666 4347 838 4410 contemptam
847 4353 893 4396 ΒΝ
902 4342 911 4412 11
924 4339 1054 4395 sardinis
1063 4339 1174 4410 serpsi:
1188 4340 1339 4404 diuoluitB,
1353 4339 1467 4394 diuuol·

310 4424 383 4478 uitN
393 4424 402 4493 1
415 4424 629 4494 thensaurosque
640 4437 666 4483 N
677 4425 685 4496 11
700 4429 732 4480 24
743 4425 883 4497 disrupnit
891 4438 917 4480 N
926 4427 936 4497 1
949 4429 982 4481 29
995 4426 1047 4481 bac
1056 4438 1085 4491 Β,
1099 4432 1128 4482 et
1138 4437 1164 4482 N
1173 4426 1183 4496 11
1196 4426 1291 4482 urbem
1301 4425 1406 4480 herculi
1416 4436 1443 4479 N
1452 4424 1462 4494 1
