3300 5084
782 350 853 394 rvnr
870 348 969 404 unum

410 532 411 541 ¹
498 531 649 596 xxvn.
675 529 862 624 unmvn
877 535 1264 605 ornnoounncvrr.
1303 529 1308 536 ’

190 751 230 804 11,
248 733 282 790 ll
303 731 581 819 ”Gallograeciam
599 742 732 820 'quoque
754 737 878 820 Syriaci
900 739 979 801 belli
1001 737 1098 800 ruina
1120 735 1299 800 conualuit.
1334 735 1455 804 fuerint
1477 736 1502 796 I

300 841 386 904 inter
401 839 522 904 auxilia
536 842 620 925 regis
635 841 802 918 Antiochi,
821 865 863 906 au
878 843 979 907 fuisse
994 843 1132 929 cupidus
1144 841 1302 925 triumphi
1313 841 1459 910 Manlius

246 967 251 980 ·
302 948 404 1010 Vulso
421 946 634 1024 simulauerit,
653 948 789 1011 dubium
796 943 825 1024 3⁸⁸
852 959 886 1012 at
901 960 986 1012 certe
1001 959 1138 1032 negatus
1149 960 1205 1011 est
1218 947 1334 1010 uictori
1349 945 1511 1029 trium-[I]

301 1053 405 1136 phus‚
430 1052 507 1134 quia
519 1074 657 1115 ,causam
678 1053 756 1116 belli
778 1075 843 1116 non
866 1054 1069 1138 adprobauit.
1094 1063 1237 1117 ceterum
1250 1072 1330 1135 gens
1346 1052 1457 1114 Gallo·
1478 1064 1493 1111 5

303 1179 509 1241 graecorum,
527 1157 612 1220 sicut
625 1157 733 1240 ipsum
748 1180 867 1221 nomen
881 1159 1002 1222 indicio
1017 1170 1086 1234 est,
1114 1158 1217 1221 mixta
1232 1167 1264 1219 et
1279 1157 1460 1219 adulterata

305 1261 353 1326 e'st
363 1262 543 1346 greliquiae
551 1263 733 1339 Gallorum,
750 1264 807 1346 qui
815 1267 945 1328 Brenno
957 1265 1038 1328 duce
1049 1273 1260 1328 uastauerant
1276 1260 1458 1336 Graeciam,

305 1368 461 1430 orientem
476 1368 590 1444 secuti,
607 1369 642 1429 in
657 1369 764 1432 media
777 1369 874 1432 Asiae
889 1380 979 1453 parto
994 1371 1166 1446 sederunt;
1190 1369 1313 1453 itaque,
1330 1366 1381 1429 uti
1395 1366 1462 1428 fru-

304 1495 384 1557 gum
404 1472 528 1536 semina
548 1483 673 1536 mutato
697 1474 765 1537 solo
791 1476 1005 1557 degenerant,
1034 1474 1080 1536 sic
1105 1473 1163 1537 illa
1187 1473 1331 1556 genuina
1352 1472 1462 1535 feritas

306 1602 417 1642 eorum
431 1577 575 1641 Asiatica
590 1578 784 1660 amoenitate
799 1579 925 1642 mollita
946 1589 1004 1641 est.
1030 1573 1177 1642 ”duobus
1199 1579 1309 1662 itaque
1331 1577 1460 1662 proeliis
1483 1577 1505 1638 I

306 1683 371 1748 iusi
383 1665 553 1768 fugatique
569 1695 658 1761 sunt,
677 1684 825 1767 quamuis
841 1685 900 1747 sub
919 1685 1065 1747 aduentu
1079 1683 1182 1747 hostis
1196 1668 1317 1747 relictis
1333 1678 1463 1747 sedibus

307 1792 342 1853 in
358 1789 530 1854 altissimos
546 1802 720 1855 sementes
735 1789 940 1873 recepissent.
955 1790 1164 1874 Tolostobogi
1179 1791 1367 1874 Olympum,
1385 1791 1463 1852 Tec-

308 1897 413 1981 tosagi
427 1893 568 1979 Magaba
582 1895 777 1960 insederant.
803 1895 966 1979 utrimque
987 1895 1098 1987 fundis
1119 1895 1310 1978 sagittisque
1331 1894 1466 1958 detracti

309 2005 344 2065 in
358 2011 547 2086 perpetuam
563 2024 596 2064 se
610 2024 722 2084 pacem
738 1999 941 2064 dediderunt.
956 2004 1013 2065 sed
1029 2001 1153 2085 alligati
1164 2001 1319 2064 miraculo
1334 2001 1466 2084 quidam

309 2109 503 2184 fucre‚'curn
518 2117 646 2169 catenas
662 2105 820 2169 morsibus
836 2115 870 2168 et
884 2128 937 2169 ore
953 2117 1176 2189 temptassent,
1194 2129 1269 2169 cum
1284 2106 1465 2168 offocandas
1487 2116 1518 2164 15

310 2214 452 2275 inuicem
465 2213 573 2274 fauces
587 2210 822 2294 praebuissent.
837 2231 913 2271 nam
929 2209 1133 2291 Orgiacontis
1149 2232 1230 2272 uxor
1244 2232 1264 2272 a
1278 2209 1465 2284 centurione

311 2327 457 2401 stuprata
471 2317 670 2379 memorabili
685 2316 831 2398 exemplo
843 2314 1023 2376 custodiam
1038 2314 1152 2388 euasit,
1169 2313 1395 2395 reuolsumque
1410 2314 1465 2374 ad-

312 2424 408 2488 ulteri
423 2423 525 2487 hostis
540 2432 638 2505 caput
653 2425 694 2486 ad
707 2420 862 2482 maritum
877 2440 972 2482 suum
987 2413 1194 2501 reportauit.u
1466 2417 1517 2502 [Ι]

384 2677 555 2740 XXVIII.
579 2675 765 2737 BELLVM
781 2673 1122 2736 MACEDONICVM
1138 2671 1400 2737 SECVNDVM.

206 2897 246 2949 11,
263 2877 302 2937 12
315 2881 404 2942 Dum
419 2875 501 2938 eliae
517 2874 661 2956 aliaeque
676 2885 789 2957 genter
806 2875 929 2960 Syriaci
943 2876 1022 2939 belli
1037 2888 1189 2941 secuntur
1203 2876 1342 2951 ruinam,
1360 2875 1468 2938 Mace·
1488 2886 1522 2935 20

313 2981 411 3046 donia
424 2999 534 3043 rursus
550 3001 583 3042 se
599 2980 710 3043 erexit.
735 2981 946 3046 fortissimum
964 2982 1124 3064 populum
1143 2981 1296 3045 memoria
1312 2990 1347 3044 et
1367 3002 1468 3043 recor-

314 3087 402 3151 datio
428 3107 505 3149 suae
527 3085 706 3149 nobilitatis
728 3087 892 3170 agitabat,
924 3096 957 3150 et
984 3098 1180 3151 successerat
1206 3085 1360 3170 Philippo
1381 3085 1468 3147 filius

318 3394 326 3441 1
345 3403 594 3454 GALLOGREOORVM
606 3403 625 3444 B
642 3392 652 3461 1
673 3395 688 3444 2
702 3391 915 3462 Gallograeciam
934 3401 1024 3447 autem
1036 3394 1065 3446 id
1077 3399 1119 3446 est
1131 3391 1258 3461 galatiam
1270 3389 1366 3460 syriaci
1377 3401 1393 3441 Ι
1403 3389 1411 3459 11
1425 3406 1467 3458 sy·

314 3475 402 3529 riatici
413 3487 438 3528 N
449 3475 458 3543 11
471 3475 578 3528 Inerant
588 3488 614 3527 N
624 3476 632 3543 11
646 3479 660 3527 3
673 3475 726 3529 fnit
737 3495 853 3547 namque
864 3491 886 3542 Ι,
901 3478 997 3531 fuisset
1014 3491 1040 3529 N
1050 3478 1059 3547 11
1072 3477 1193 3531 Manlius
1204 3473 1290 3526 Vulso
1302 3473 1469 3526 simulauerit

315 3559 524 3612 Mommscnius:
549 3561 665 3613 manlius
689 3561 763 3614 uisos
781 3563 951 3616 simulauerit
969 3575 1001 3626 Β,
1029 3562 1146 3614 manlius
1164 3561 1240 3613 uisus
1259 3557 1427 3611 simulauerit
1444 3568 1466 3618 Ι,
1494 3610 1499 3618 ,

316 3644 432 3698 manlius
444 3661 479 3696 an
491 3662 536 3697 eos
550 3645 623 3698 uisos
636 3646 805 3700 simulauerit
816 3660 842 3700 Ν
859 3648 868 3717 11
887 3652 902 3699 4
915 3646 1029 3699 dubium
1042 3652 1111 3698 estl
1127 3645 1136 3716 11
1155 3650 1267 3696 atcerte
1279 3650 1394 3712 negatus
1405 3640 1470 3692 ocri-

311 3728 373 3798 psi.-
397 3729 447 3780 hac
460 3736 534 3798 perte
547 3737 676 3800 negatum
690 3731 718 3795 b,
744 3741 837 3801 aperte
849 3738 963 3802 negatus
975 3743 1008 3794 B,
1032 3737 1104 3783 certe
1117 3735 1232 3800 negatus
1244 3740 1269 3781 Ν
1277 3730 1288 3797 11
1301 3727 1389 3779 uictor
1400 3737 1419 3777 B
1432 3725 1441 3793 11
1449 3724 1470 3775 ‘5

316 3832 372 3866 non
385 3813 451 3866 diali
464 3813 472 3882 11
486 3813 583 3866 iterum
595 3829 614 3868 B
627 3816 636 3884 11
650 3820 663 3867 1
672 3814 881 3884 postGallorum
894 3814 1241 3886 quaesoquuctarusqucad
1247 3815 1316 3882 pol,
1327 3813 1357 3862 16
1366 3816 1469 3862 euerte

247 3945 249 3950 .
316 3898 413 3951 ratltic
425 3896 523 3950 omittit
534 3910 565 3962 Ν,
580 3905 676 3968 etpost
686 3899 833 3969 perirentp
847 3905 887 3963 89,
903 3905 936 3953 29
943 3896 1024 3970 ponit
1034 3901 1044 3970 11
1057 3897 1156 3968 quibus
1167 3899 1270 3951 brenno
1282 3895 1326 3965 Ν1
1339 3892 1472 3963 graeciam

317 3983 476 4049 morientem
487 3994 513 4033 Ν
523 3982 532 4052 11
546 3986 561 4034 8
574 3982 654 4036 sicuti
666 3995 685 4034 Β
698 3983 707 4053 11
720 3991 752 4037 ut
762 3995 787 4036 Ν
796 3985 806 4054 11
820 3990 836 4038 9
849 3985 978 4038 seminam
990 3999 1010 4039 Β
1022 3985 1031 4055 1
1044 3985 1157 4054 genuita
1168 3994 1193 4035 N
1203 3983 1212 4052 11
1228 3986 1256 4034 11
1271 3987 1372 4034 auentu
1384 3986 1403 4028 B
1416 3975 1426 4050 1
1441 3980 1471 4028 12

317 4067 488 4137 coloscobegi
498 4079 526 4130 Β,
542 4065 709 4136 colosobegit
720 4080 736 4119 Ι
747 4068 755 4139 11
769 4068 1007 4140 solostologiornm
1019 4069 1151 4138 tectosagi
1162 4079 1187 4120 N
1197 4067 1206 4138 1
1227 4071 1258 4119 13
1270 4066 1417 4136 magabant
1428 4077 1447 4118 B
1459 4066 1468 4135 11

317 4151 399 4207 atiam
410 4165 436 4209 Ν
446 4153 454 4221 11
468 4151 521 4204 acti
539 4163 565 4203 N
575 4151 583 4220 11
600 4154 629 4202 14
649 4152 757 4219 quidam
774 4153 900 4223 Lepsios.-
919 4155 1036 4224 quodam
1053 4166 1111 4207 NIN
1121 4154 1130 4224 11
1146 4155 1176 4205 15
1194 4157 1289 4204 catena
1305 4149 1346 4221 13ss
1359 4149 1474 4209 effocan-

318 4238 365 4290 das
377 4251 405 4301 B,
420 4235 575 4290 offucandas
587 4235 622 4306 11
639 4239 668 4288 16
682 4237 847 4306 orgiacontis
864 4240 935 4309 regis
953 4250 978 4291 N
988 4239 998 4308 11
1019 4241 1048 4289 17
1062 4243 1186 4306 stuprata
1203 4236 1315 4305 scrcpsr':
1334 4242 1472 4305 struprum

317 4315 349 4385 r',
365 4329 489 4392 stuprum
500 4336 580 4392 passa
590 4329 616 4371 N
626 4319 635 4388 11
647 4321 839 4392 reuolsurnque
851 4323 944 4375 militis
957 4329 1039 4392 caput
1049 4335 1075 4375 N
1084 4322 1094 4392 11
1109 4326 1140 4375 18
1152 4321 1270 4374 rettullit
1280 4331 1306 4373 N
1315 4320 1325 4390 11
1341 4323 1371 4371 19
1384 4333 1475 4373 nacu-

317 4421 418 4458 nouvn
429 4419 454 4462 N
465 4407 474 4474 11
487 4409 519 4457 20
533 4403 651 4478 syriatici
660 4416 684 4456 N
696 4405 704 4476 11
717 4404 782 4458 belli
794 4406 859 4458 aar
872 4408 880 4477 11
894 4414 1069 4478 sequunturs
1082 4408 1091 4478 11
1105 4409 1135 4458 21
1151 4424 1179 4459 se
1191 4424 1234 4459 om
1240 4419 1268 4470 B,
1283 4423 1312 4458 se
1323 4423 1416 4458 rursus
1427 4405 1471 4475 Ν1
