<?xml version="1.0" encoding="UTF-8"?>
<!DOCTYPE html PUBLIC "-//W3C//DTD XHTML 1.0 Transitional//EN"
    "http://www.w3.org/TR/xhtml1/DTD/xhtml1-transitional.dtd">
<html xmlns="http://www.w3.org/1999/xhtml" xml:lang="en" lang="en">
 <head>
  <title>
</title>
<meta http-equiv="Content-Type" content="text/html;charset=utf-8" />
  <meta name='ocr-system' content='tesseract 3.04.00' />
  <meta name='ocr-capabilities' content='ocr_page ocr_carea ocr_par ocr_line ocrx_word'/>
</head>
<body>
  <div class='ocr_page' id='page_1' title='image "./ivlifloriepitom00jahngoog_0037.png"; bbox 0 0 3300 5084; ppageno 0'>
   <div class='ocr_carea' id='block_1_1' title="bbox 658 341 1345 400">
    <p class='ocr_par' dir='ltr' id='par_1_1' title="bbox 658 341 1345 400">
     <span class='ocr_line' id='line_1_1' title="bbox 658 341 1345 400; baseline -0.003 0"><span class='ocrx_word' id='word_1_1' title='bbox 658 354 856 400; x_wconf 76' lang='lat' dir='ltr'>Pasanarro.</span> <span class='ocrx_word' id='word_1_2' title='bbox 1207 341 1345 400; x_wconf 83' lang='lat' dir='ltr'>XXXIII</span> 
     </span>
    </p>
   </div>
   <div class='ocr_carea' id='block_1_2' title="bbox 154 494 1412 3018">
    <p class='ocr_par' dir='ltr' id='par_1_2' title="bbox 174 494 1344 1011">
     <span class='ocr_line' id='line_1_2' title="bbox 245 494 1344 589; baseline 0.002 -19"><span class='ocrx_word' id='word_1_3' title='bbox 245 494 358 571; x_wconf 64' lang='lat' dir='ltr'>⁴Nilril</span> <span class='ocrx_word' id='word_1_4' title='bbox 380 505 483 588; x_wconf 80' lang='lat' dir='ltr'>magis</span> <span class='ocrx_word' id='word_1_5' title='bbox 506 505 662 568; x_wconf 90' lang='lat' dir='ltr'>usitatum</span> <span class='ocrx_word' id='word_1_6' title='bbox 685 517 733 568; x_wconf 92' lang='lat' dir='ltr'>est</span> <span class='ocrx_word' id='word_1_7' title='bbox 755 527 852 589; x_wconf 92' lang='lat' dir='ltr'>quam</span> <span class='ocrx_word' id='word_1_8' title='bbox 873 506 960 588; x_wconf 93' lang='lat' dir='ltr'>quod</span> <span class='ocrx_word' id='word_1_9' title='bbox 975 505 1009 589; x_wconf 86' lang='lat' dir='ltr'><em>f</em></span> <span class='ocrx_word' id='word_1_10' title='bbox 1021 515 1054 567; x_wconf 92' lang='lat' dir='ltr'>ct</span> <span class='ocrx_word' id='word_1_11' title='bbox 1071 505 1122 587; x_wconf 79' lang='lat' dir='ltr'>ph</span> <span class='ocrx_word' id='word_1_12' title='bbox 1144 506 1190 569; x_wconf 90' lang='lat' dir='ltr'>ita</span> <span class='ocrx_word' id='word_1_13' title='bbox 1212 507 1297 571; x_wconf 88' lang='lat' dir='ltr'>inter</span> <span class='ocrx_word' id='word_1_14' title='bbox 1310 531 1344 572; x_wconf 87' lang='lat' dir='ltr'>se</span> 
     </span>
     <span class='ocr_line' id='line_1_3' title="bbox 174 610 1344 694; baseline 0.002 -19"><span class='ocrx_word' id='word_1_15' title='bbox 174 621 432 686; x_wconf 81' lang='lat' dir='ltr'><strong>commutantur,</strong></span> <span class='ocrx_word' id='word_1_16' title='bbox 460 615 498 673; x_wconf 84' lang='lat' dir='ltr'>ut</span> <span class='ocrx_word' id='word_1_17' title='bbox 524 611 625 673; x_wconf 88' lang='lat' dir='ltr'>altera</span> <span class='ocrx_word' id='word_1_18' title='bbox 650 619 731 673; x_wconf 90' lang='lat' dir='ltr'>utra&#39;</span> <span class='ocrx_word' id='word_1_19' title='bbox 751 611 859 673; x_wconf 90' lang='lat' dir='ltr'>littera</span> <span class='ocrx_word' id='word_1_20' title='bbox 884 610 955 673; x_wconf 90' lang='lat' dir='ltr'>loco</span> <span class='ocrx_word' id='word_1_21' title='bbox 969 613 1042 673; x_wconf 77' lang='lat' dir='ltr'>&#39;non</span> <span class='ocrx_word' id='word_1_22' title='bbox 1073 632 1131 674; x_wconf 90' lang='lat' dir='ltr'>suo</span> <span class='ocrx_word' id='word_1_23' title='bbox 1151 624 1291 694; x_wconf 88' lang='lat' dir='ltr'>ponatur</span> <span class='ocrx_word' id='word_1_24' title='bbox 1312 627 1344 677; x_wconf 92' lang='lat' dir='ltr'>et</span> 
     </span>
     <span class='ocr_line' id='line_1_4' title="bbox 175 715 1344 802; baseline 0 -20"><span class='ocrx_word' id='word_1_25' title='bbox 175 719 300 782; x_wconf 74' lang='lat' dir='ltr'>Graeca</span> <span class='ocrx_word' id='word_1_26' title='bbox 314 716 446 779; x_wconf 89' lang='lat' dir='ltr'>nomina</span> <span class='ocrx_word' id='word_1_27' title='bbox 458 717 495 802; x_wconf 85' lang='lat' dir='ltr'>f,</span> <span class='ocrx_word' id='word_1_28' title='bbox 513 719 661 780; x_wconf 89' lang='lat' dir='ltr'>Romana</span> <span class='ocrx_word' id='word_1_29' title='bbox 674 716 724 799; x_wconf 74' lang='lat' dir='ltr'>ph</span> <span class='ocrx_word' id='word_1_30' title='bbox 739 717 899 791; x_wconf 81' lang='lat' dir='ltr'><strong>habeant,</strong></span> <span class='ocrx_word' id='word_1_31' title='bbox 921 726 959 777; x_wconf 94' lang='lat' dir='ltr'>ut</span> <span class='ocrx_word' id='word_1_32' title='bbox 973 715 1138 792; x_wconf 76' lang='lat' dir='ltr'>Phalisci,</span> <span class='ocrx_word' id='word_1_33' title='bbox 1162 718 1344 783; x_wconf 73' lang='lat' dir='ltr'>Phuesuloe</span> 
     </span>
     <span class='ocr_line' id='line_1_5' title="bbox 176 821 1344 906; baseline 0.003 -21"><span class='ocrx_word' id='word_1_34' title='bbox 176 824 211 886; x_wconf 90' lang='lat' dir='ltr'>in</span> <span class='ocrx_word' id='word_1_35' title='bbox 227 831 257 885; x_wconf 92' lang='lat' dir='ltr'><em>B</em></span> <span class='ocrx_word' id='word_1_36' title='bbox 271 823 428 886; x_wconf 82' lang='lat' dir='ltr'>scribitur.</span> <span class='ocrx_word' id='word_1_37' title='bbox 460 823 542 885; x_wconf 92' lang='lat' dir='ltr'>illud</span> <span class='ocrx_word' id='word_1_38' title='bbox 561 845 638 885; x_wconf 88' lang='lat' dir='ltr'>uero</span> <span class='ocrx_word' id='word_1_39' title='bbox 653 821 799 884; x_wconf 89' lang='lat' dir='ltr'>mirabile</span> <span class='ocrx_word' id='word_1_40' title='bbox 815 823 899 904; x_wconf 93' lang='lat' dir='ltr'>quod</span> <span class='ocrx_word' id='word_1_41' title='bbox 914 821 949 882; x_wconf 92' lang='lat' dir='ltr'>in</span> <span class='ocrx_word' id='word_1_42' title='bbox 964 829 993 882; x_wconf 93' lang='lat' dir='ltr'><em>B</em></span> <span class='ocrx_word' id='word_1_43' title='bbox 1007 831 1191 885; x_wconf 85' lang='lat' dir='ltr'>constanter</span> <span class='ocrx_word' id='word_1_44' title='bbox 1198 824 1344 906; x_wconf 79' lang='lat' dir='ltr'>phoedus</span> 
     </span>
     <span class='ocr_line' id='line_1_6' title="bbox 175 926 1176 1011; baseline -0.003 -21"><span class='ocrx_word' id='word_1_45' title='bbox 175 939 213 991; x_wconf 94' lang='lat' dir='ltr'>ut</span> <span class='ocrx_word' id='word_1_46' title='bbox 227 929 262 990; x_wconf 89' lang='lat' dir='ltr'>in</span> <span class='ocrx_word' id='word_1_47' title='bbox 277 929 423 991; x_wconf 87' lang='lat' dir='ltr'>Mediceo</span> <span class='ocrx_word' id='word_1_48' title='bbox 438 927 574 1011; x_wconf 80' lang='lat' dir='ltr'>Vergilii</span> <span class='ocrx_word' id='word_1_49' title='bbox 588 928 660 990; x_wconf 86' lang='lat' dir='ltr'>Aen</span> <span class='ocrx_word' id='word_1_50' title='bbox 675 929 722 1003; x_wconf 91' lang='lat' dir='ltr'>X,</span> <span class='ocrx_word' id='word_1_51' title='bbox 741 933 801 988; x_wconf 87' lang='grc'>498</span> <span class='ocrx_word' id='word_1_52' title='bbox 811 927 937 1008; x_wconf 81' lang='lat' dir='ltr'>phoede</span> <span class='ocrx_word' id='word_1_53' title='bbox 948 926 1101 1009; x_wconf 91' lang='lat' dir='ltr'>scriptum</span> <span class='ocrx_word' id='word_1_54' title='bbox 1117 938 1176 990; x_wconf 91' lang='lat' dir='ltr'>est.</span> 
     </span>
    </p>

    <p class='ocr_par' dir='ltr' id='par_1_3' title="bbox 262 1033 1061 1116">
     <span class='ocr_line' id='line_1_7' title="bbox 262 1033 1061 1116; baseline -0.005 -16"><span class='ocrx_word' id='word_1_55' title='bbox 262 1036 303 1100; x_wconf 82' lang='lat' dir='ltr'><strong><em>K</em></strong></span> <span class='ocrx_word' id='word_1_56' title='bbox 312 1034 453 1096; x_wconf 84' lang='lat' dir='ltr'>litteram</span> <span class='ocrx_word' id='word_1_57' title='bbox 467 1033 502 1095; x_wconf 91' lang='lat' dir='ltr'>in</span> <span class='ocrx_word' id='word_1_58' title='bbox 517 1033 673 1098; x_wconf 75' lang='lat' dir='ltr'>delendae</span> <span class='ocrx_word' id='word_1_59' title='bbox 688 1045 720 1096; x_wconf 87' lang='lat' dir='ltr'>et</span> <span class='ocrx_word' id='word_1_60' title='bbox 736 1033 849 1116; x_wconf 76' lang='lat' dir='ltr'>kapite</span> <span class='ocrx_word' id='word_1_61' title='bbox 864 1034 1006 1096; x_wconf 89' lang='lat' dir='ltr'>seruauit</span> <span class='ocrx_word' id='word_1_62' title='bbox 1022 1041 1061 1096; x_wconf 89' lang='lat' dir='ltr'>B.</span> 
     </span>
    </p>

    <p class='ocr_par' dir='ltr' id='par_1_4' title="bbox 154 1127 1412 1432">
     <span class='ocr_line' id='line_1_8' title="bbox 265 1127 1412 1220; baseline -0.001 -14"><span class='ocrx_word' id='word_1_63' title='bbox 265 1127 365 1207; x_wconf 87' lang='lat' dir='ltr'>Quod</span> <span class='ocrx_word' id='word_1_64' title='bbox 374 1160 478 1220; x_wconf 91' lang='lat' dir='ltr'>nuper</span> <span class='ocrx_word' id='word_1_65' title='bbox 493 1140 623 1202; x_wconf 89' lang='lat' dir='ltr'>demum</span> <span class='ocrx_word' id='word_1_66' title='bbox 638 1138 842 1202; x_wconf 86' lang='lat' dir='ltr'>uindicatum</span> <span class='ocrx_word' id='word_1_67' title='bbox 857 1149 906 1201; x_wconf 90' lang='lat' dir='ltr'>est</span> <span class='ocrx_word' id='word_1_68' title='bbox 922 1139 1109 1202; x_wconf 78' lang='lat' dir='ltr'>thensaurus</span> <span class='ocrx_word' id='word_1_69' title='bbox 1132 1140 1253 1203; x_wconf 90' lang='lat' dir='ltr'>habent</span> <span class='ocrx_word' id='word_1_70' title='bbox 1267 1148 1341 1219; x_wconf 90' lang='lat' dir='ltr'>BN,</span> <span class='ocrx_word' id='word_1_71' title='bbox 1406 1185 1412 1192; x_wconf 65' lang='lat'><em>›</em></span> 
     </span>
     <span class='ocr_line' id='line_1_9' title="bbox 154 1243 1344 1330; baseline 0.001 -21"><span class='ocrx_word' id='word_1_72' title='bbox 154 1275 159 1280; x_wconf 58' lang='grc'><em>“</em></span> <span class='ocrx_word' id='word_1_73' title='bbox 177 1245 367 1311; x_wconf 80' lang='lat' dir='ltr'>uicensimus</span> <span class='ocrx_word' id='word_1_74' title='bbox 383 1254 415 1306; x_wconf 91' lang='lat' dir='ltr'>et</span> <span class='ocrx_word' id='word_1_75' title='bbox 430 1265 511 1325; x_wconf 89' lang='lat' dir='ltr'>quae</span> <span class='ocrx_word' id='word_1_76' title='bbox 527 1243 645 1307; x_wconf 84' lang='lat' dir='ltr'>similia</span> <span class='ocrx_word' id='word_1_77' title='bbox 659 1254 736 1308; x_wconf 91' lang='lat' dir='ltr'>sunt</span> <span class='ocrx_word' id='word_1_78' title='bbox 757 1253 787 1307; x_wconf 91' lang='lat' dir='ltr'><em>B</em></span> <span class='ocrx_word' id='word_1_79' title='bbox 801 1244 900 1306; x_wconf 90' lang='lat' dir='ltr'>solus.</span> <span class='ocrx_word' id='word_1_80' title='bbox 927 1245 1016 1308; x_wconf 90' lang='lat' dir='ltr'>idem</span> <span class='ocrx_word' id='word_1_81' title='bbox 1030 1244 1140 1308; x_wconf 79' lang='lat' dir='ltr'>scribit</span> <span class='ocrx_word' id='word_1_82' title='bbox 1154 1267 1229 1308; x_wconf 90' lang='lat' dir='ltr'>cum</span> <span class='ocrx_word' id='word_1_83' title='bbox 1243 1248 1344 1330; x_wconf 83' lang='lat' dir='ltr'>uulgo</span> 
     </span>
     <span class='ocr_line' id='line_1_10' title="bbox 178 1333 1069 1432; baseline -0.002 -16"><span class='ocrx_word' id='word_1_84' title='bbox 178 1349 404 1426; x_wconf 69' lang='lat' dir='ltr'>noctuarum</span> <span class='ocrx_word' id='word_1_85' title='bbox 418 1355 456 1424; x_wconf 91' lang='lat' dir='ltr'><em>N</em></span> <span class='ocrx_word' id='word_1_86' title='bbox 467 1348 585 1432; x_wconf 83' lang='lat' dir='ltr'>legitur</span> <span class='ocrx_word' id='word_1_87' title='bbox 599 1359 696 1429; x_wconf 74' lang='lat' dir='ltr'>nauel</span> <span class='ocrx_word' id='word_1_88' title='bbox 737 1399 744 1412; x_wconf 93' lang='lat'><strong>.</strong></span> <span class='ocrx_word' id='word_1_89' title='bbox 1026 1333 1031 1337; x_wconf 34' lang='lat'><strong><em>¹</em></strong></span> <span class='ocrx_word' id='word_1_90' title='bbox 1063 1415 1069 1422; x_wconf 75' lang='grc'><em>,</em></span> 
     </span>
    </p>

    <p class='ocr_par' dir='ltr' id='par_1_5' title="bbox 178 1441 1344 1645">
     <span class='ocr_line' id='line_1_11' title="bbox 263 1441 1344 1539; baseline 0.004 -20"><span class='ocrx_word' id='word_1_91' title='bbox 263 1459 304 1520; x_wconf 91' lang='lat' dir='ltr'>In</span> <span class='ocrx_word' id='word_1_92' title='bbox 320 1456 511 1539; x_wconf 88' lang='lat' dir='ltr'>quibusdam</span> <span class='ocrx_word' id='word_1_93' title='bbox 526 1455 690 1518; x_wconf 89' lang='lat' dir='ltr'>uocabulis</span> <span class='ocrx_word' id='word_1_94' title='bbox 713 1464 742 1528; x_wconf 89' lang='lat' dir='ltr'><em>B</em></span> <span class='ocrx_word' id='word_1_95' title='bbox 762 1456 843 1519; x_wconf 87' lang='lat' dir='ltr'>falso</span> <span class='ocrx_word' id='word_1_96' title='bbox 859 1463 871 1520; x_wconf 89' lang='lat' dir='ltr'>t</span> <span class='ocrx_word' id='word_1_97' title='bbox 891 1455 1001 1539; x_wconf 90' lang='lat' dir='ltr'>ponit,</span> <span class='ocrx_word' id='word_1_98' title='bbox 1025 1455 1083 1518; x_wconf 93' lang='lat' dir='ltr'>ubi</span> <span class='ocrx_word' id='word_1_99' title='bbox 1103 1479 1120 1518; x_wconf 88' lang='lat' dir='ltr'>e</span> <span class='ocrx_word' id='word_1_100' title='bbox 1139 1457 1248 1521; x_wconf 88' lang='lat' dir='ltr'>littera</span> <span class='ocrx_word' id='word_1_101' title='bbox 1269 1441 1344 1523; x_wconf 82' lang='lat' dir='ltr'>scri-</span> 
     </span>
     <span class='ocr_line' id='line_1_12' title="bbox 178 1547 1242 1645; baseline 0 -18"><span class='ocrx_word' id='word_1_102' title='bbox 178 1565 285 1634; x_wconf 86' lang='lat' dir='ltr'>benda</span> <span class='ocrx_word' id='word_1_103' title='bbox 300 1551 383 1638; x_wconf 83' lang='lat' dir='ltr'>erat,</span> <span class='ocrx_word' id='word_1_104' title='bbox 407 1561 516 1645; x_wconf 89' lang='lat' dir='ltr'>qualia</span> <span class='ocrx_word' id='word_1_105' title='bbox 530 1571 606 1624; x_wconf 90' lang='lat' dir='ltr'>sunt</span> <span class='ocrx_word' id='word_1_106' title='bbox 622 1561 794 1638; x_wconf 74' lang='lat' dir='ltr'>intersitio,</span> <span class='ocrx_word' id='word_1_107' title='bbox 813 1562 952 1638; x_wconf 81' lang='lat' dir='ltr'>Mutius,</span> <span class='ocrx_word' id='word_1_108' title='bbox 969 1562 1105 1638; x_wconf 75' lang='lat' dir='ltr'>sautius,</span> <span class='ocrx_word' id='word_1_109' title='bbox 1123 1547 1242 1628; x_wconf 32' lang='lat' dir='ltr'>sotius*</span> 
     </span>
    </p>

    <p class='ocr_par' dir='ltr' id='par_1_6' title="bbox 179 1667 1396 3018">
     <span class='ocr_line' id='line_1_13' title="bbox 264 1667 1346 1752; baseline 0.003 -21"><span class='ocrx_word' id='word_1_110' title='bbox 264 1670 306 1731; x_wconf 93' lang='lat' dir='ltr'>In</span> <span class='ocrx_word' id='word_1_111' title='bbox 322 1667 366 1730; x_wconf 86' lang='lat' dir='ltr'>eis</span> <span class='ocrx_word' id='word_1_112' title='bbox 388 1667 554 1730; x_wconf 89' lang='lat' dir='ltr'>uocabulis</span> <span class='ocrx_word' id='word_1_113' title='bbox 576 1667 611 1728; x_wconf 92' lang='lat' dir='ltr'>in</span> <span class='ocrx_word' id='word_1_114' title='bbox 633 1667 749 1750; x_wconf 88' lang='lat' dir='ltr'>quibus</span> <span class='ocrx_word' id='word_1_115' title='bbox 772 1689 810 1730; x_wconf 81' lang='lat' dir='ltr'>ea</span> <span class='ocrx_word' id='word_1_116' title='bbox 831 1667 1024 1749; x_wconf 81' lang='lat' dir='ltr'>praepositio</span> <span class='ocrx_word' id='word_1_117' title='bbox 1046 1668 1145 1729; x_wconf 89' lang='lat' dir='ltr'>uerbo</span> <span class='ocrx_word' id='word_1_118' title='bbox 1165 1672 1346 1752; x_wconf 87' lang='lat' dir='ltr'>praeposita</span> 
     </span>
     <span class='ocr_line' id='line_1_14' title="bbox 180 1753 1345 1860; baseline 0 -22"><span class='ocrx_word' id='word_1_119' title='bbox 180 1753 228 1838; x_wconf 72' lang='lat' dir='ltr'>est</span> <span class='ocrx_word' id='word_1_120' title='bbox 235 1823 245 1852; x_wconf 91' lang='lat'>,</span> <span class='ocrx_word' id='word_1_121' title='bbox 267 1775 353 1856; x_wconf 88' lang='lat' dir='ltr'>quod</span> <span class='ocrx_word' id='word_1_122' title='bbox 368 1795 387 1835; x_wconf 89' lang='lat' dir='ltr'>a</span> <span class='ocrx_word' id='word_1_123' title='bbox 400 1773 538 1836; x_wconf 88' lang='lat' dir='ltr'>litteras</span> <span class='ocrx_word' id='word_1_124' title='bbox 552 1772 685 1855; x_wconf 88' lang='lat' dir='ltr'>incipit,</span> <span class='ocrx_word' id='word_1_125' title='bbox 709 1778 775 1835; x_wconf 91' lang='lat' dir='ltr'>BN</span> <span class='ocrx_word' id='word_1_126' title='bbox 789 1773 875 1854; x_wconf 83' lang='lat' dir='ltr'>hanc</span> <span class='ocrx_word' id='word_1_127' title='bbox 890 1772 1038 1860; x_wconf 88' lang='lat' dir='ltr'>litteram</span> <span class='ocrx_word' id='word_1_128' title='bbox 1054 1782 1237 1837; x_wconf 87' lang='lat' dir='ltr'>constanter</span> <span class='ocrx_word' id='word_1_129' title='bbox 1251 1776 1345 1838; x_wconf 91' lang='lat' dir='ltr'>omit-</span> 
     </span>
     <span class='ocr_line' id='line_1_15' title="bbox 180 1875 1342 1965; baseline 0 -22"><span class='ocrx_word' id='word_1_130' title='bbox 180 1890 272 1956; x_wconf 81' lang='lat' dir='ltr'>tunt3</span> <span class='ocrx_word' id='word_1_131' title='bbox 291 1875 448 1942; x_wconf 64' lang='lat' dir='ltr'>scribunt</span> <span class='ocrx_word' id='word_1_132' title='bbox 469 1877 570 1960; x_wconf 80' lang='lat' dir='ltr'>igitur</span> <span class='ocrx_word' id='word_1_133' title='bbox 590 1887 769 1960; x_wconf 67' lang='lat' dir='ltr'>expectere,</span> <span class='ocrx_word' id='word_1_134' title='bbox 792 1876 955 1959; x_wconf 71' lang='lat' dir='ltr'>expirare,</span> <span class='ocrx_word' id='word_1_135' title='bbox 979 1878 1138 1965; x_wconf 64' lang='lat' dir='ltr'>eeultore,</span> <span class='ocrx_word' id='word_1_136' title='bbox 1157 1901 1342 1962; x_wconf 77' lang='lat' dir='ltr'>suuperure,</span> 
     </span>
     <span class='ocr_line' id='line_1_16' title="bbox 181 1983 1345 2070; baseline 0 -22"><span class='ocrx_word' id='word_1_137' title='bbox 181 2007 351 2070; x_wconf 76' lang='lat' dir='ltr'>eeurpere,</span> <span class='ocrx_word' id='word_1_138' title='bbox 370 1983 561 2068; x_wconf 72' lang='lat' dir='ltr'>eetiupuere.</span> <span class='ocrx_word' id='word_1_139' title='bbox 594 1983 629 2044; x_wconf 92' lang='lat' dir='ltr'>in</span> <span class='ocrx_word' id='word_1_140' title='bbox 644 1991 673 2045; x_wconf 97' lang='lat' dir='ltr'><em>B</em></span> <span class='ocrx_word' id='word_1_141' title='bbox 687 2005 764 2045; x_wconf 92' lang='lat' dir='ltr'>uero</span> <span class='ocrx_word' id='word_1_142' title='bbox 780 1983 971 2065; x_wconf 90' lang='lat' dir='ltr'>quibusdam</span> <span class='ocrx_word' id='word_1_143' title='bbox 986 1983 1077 2059; x_wconf 89' lang='lat' dir='ltr'>locis,</span> <span class='ocrx_word' id='word_1_144' title='bbox 1094 1984 1150 2046; x_wconf 90' lang='lat' dir='ltr'>ubi</span> <span class='ocrx_word' id='word_1_145' title='bbox 1165 2009 1186 2048; x_wconf 88' lang='lat' dir='ltr'>u</span> <span class='ocrx_word' id='word_1_146' title='bbox 1201 1985 1310 2051; x_wconf 86' lang='lat' dir='ltr'>littera</span> <span class='ocrx_word' id='word_1_147' title='bbox 1323 2009 1345 2048; x_wconf 77' lang='lat' dir='ltr'>a</span> 
     </span>
     <span class='ocr_line' id='line_1_17' title="bbox 181 2088 1345 2174; baseline 0.003 -21"><span class='ocrx_word' id='word_1_148' title='bbox 181 2090 343 2173; x_wconf 87' lang='lat' dir='ltr'>sequitur,</span> <span class='ocrx_word' id='word_1_149' title='bbox 372 2089 592 2174; x_wconf 85' lang='lat' dir='ltr'>cinterposita</span> <span class='ocrx_word' id='word_1_150' title='bbox 607 2098 673 2164; x_wconf 90' lang='lat' dir='ltr'>est,</span> <span class='ocrx_word' id='word_1_151' title='bbox 701 2099 739 2150; x_wconf 90' lang='lat' dir='ltr'>ut</span> <span class='ocrx_word' id='word_1_152' title='bbox 754 2088 910 2172; x_wconf 87' lang='lat' dir='ltr'>scriptum</span> <span class='ocrx_word' id='word_1_153' title='bbox 934 2091 975 2152; x_wconf 88' lang='lat' dir='ltr'>sit</span> <span class='ocrx_word' id='word_1_154' title='bbox 996 2089 1245 2169; x_wconf 81' lang='lat' dir='ltr'>adiuueeeruut,</span> <span class='ocrx_word' id='word_1_155' title='bbox 1274 2099 1345 2156; x_wconf 81' lang='lat' dir='ltr'>cou-</span> 
     </span>
     <span class='ocr_line' id='line_1_18' title="bbox 182 2195 1343 2278; baseline 0.002 -20"><span class='ocrx_word' id='word_1_156' title='bbox 182 2196 372 2272; x_wconf 82' lang='lat' dir='ltr'>iuneueriut,</span> <span class='ocrx_word' id='word_1_157' title='bbox 391 2195 596 2274; x_wconf 78' lang='lat' dir='ltr'>eetiueeerut.</span> <span class='ocrx_word' id='word_1_158' title='bbox 627 2195 736 2258; x_wconf 90' lang='lat' dir='ltr'>nescio</span> <span class='ocrx_word' id='word_1_159' title='bbox 759 2217 797 2257; x_wconf 91' lang='lat' dir='ltr'>an</span> <span class='ocrx_word' id='word_1_160' title='bbox 820 2196 1053 2278; x_wconf 90' lang='lat' dir='ltr'>pronuntiandi</span> <span class='ocrx_word' id='word_1_161' title='bbox 1075 2197 1157 2260; x_wconf 88' lang='lat' dir='ltr'>ratio</span> <span class='ocrx_word' id='word_1_162' title='bbox 1178 2219 1275 2260; x_wconf 89' lang='lat' dir='ltr'>causa</span> <span class='ocrx_word' id='word_1_163' title='bbox 1289 2198 1343 2274; x_wconf 90' lang='lat' dir='ltr'>sit,</span> 
     </span>
     <span class='ocr_line' id='line_1_19' title="bbox 184 2301 1345 2389; baseline 0 -25"><span class='ocrx_word' id='word_1_164' title='bbox 184 2325 240 2365; x_wconf 90' lang='lat' dir='ltr'>cur</span> <span class='ocrx_word' id='word_1_165' title='bbox 254 2303 333 2365; x_wconf 90' lang='lat' dir='ltr'>inB</span> <span class='ocrx_word' id='word_1_166' title='bbox 348 2302 503 2385; x_wconf 90' lang='lat' dir='ltr'>scriptum</span> <span class='ocrx_word' id='word_1_167' title='bbox 519 2301 705 2389; x_wconf 89' lang='lat' dir='ltr'>inueniatur</span> <span class='ocrx_word' id='word_1_168' title='bbox 720 2305 840 2364; x_wconf 82' lang='lat' dir='ltr'>Xerses</span> <span class='ocrx_word' id='word_1_169' title='bbox 855 2312 923 2383; x_wconf 93' lang='lat' dir='ltr'>etp</span> <span class='ocrx_word' id='word_1_170' title='bbox 942 2309 1020 2377; x_wconf 84' lang='lat'>120,</span> <span class='ocrx_word' id='word_1_171' title='bbox 1049 2308 1085 2363; x_wconf 86' lang='grc'>16</span> <span class='ocrx_word' id='word_1_172' title='bbox 1109 2302 1257 2384; x_wconf 88' lang='lat' dir='ltr'>quamuis</span> <span class='ocrx_word' id='word_1_173' title='bbox 1279 2324 1345 2365; x_wconf 90' lang='lat' dir='ltr'>cor·</span> 
     </span>
     <span class='ocr_line' id='line_1_20' title="bbox 180 2395 1346 2491; baseline -0.003 -20"><span class='ocrx_word' id='word_1_174' title='bbox 180 2419 274 2491; x_wconf 86' lang='lat' dir='ltr'>rupte</span> <span class='ocrx_word' id='word_1_175' title='bbox 288 2411 500 2482; x_wconf 51' lang='lat' dir='ltr'>Artaxansen</span> <span class='ocrx_word' id='word_1_176' title='bbox 525 2407 671 2469; x_wconf 88' lang='lat' dir='ltr'>similiter</span> <span class='ocrx_word' id='word_1_177' title='bbox 692 2428 714 2488; x_wconf 90' lang='lat' dir='ltr'>p</span> <span class='ocrx_word' id='word_1_178' title='bbox 738 2413 789 2481; x_wconf 79' lang='lat'>55,</span> <span class='ocrx_word' id='word_1_179' title='bbox 808 2411 848 2466; x_wconf 83' lang='lat'>23</span> <span class='ocrx_word' id='word_1_180' title='bbox 870 2404 1016 2469; x_wconf 81' lang='lat' dir='ltr'>uiseruut</span> <span class='ocrx_word' id='word_1_181' title='bbox 1034 2406 1070 2468; x_wconf 90' lang='lat' dir='ltr'>in</span> <span class='ocrx_word' id='word_1_182' title='bbox 1084 2395 1113 2468; x_wconf 83' lang='lat' dir='ltr'><em>B</em></span> <span class='ocrx_word' id='word_1_183' title='bbox 1127 2406 1283 2488; x_wconf 89' lang='lat' dir='ltr'>scripturn</span> <span class='ocrx_word' id='word_1_184' title='bbox 1298 2417 1346 2469; x_wconf 89' lang='lat' dir='ltr'>est</span> 
     </span>
     <span class='ocr_line' id='line_1_21' title="bbox 179 2501 1396 2597; baseline -0.003 -21"><span class='ocrx_word' id='word_1_185' title='bbox 179 2536 238 2597; x_wconf 85' lang='lat' dir='ltr'>pro</span> <span class='ocrx_word' id='word_1_186' title='bbox 253 2513 412 2594; x_wconf 69' lang='lat' dir='ltr'>uicerunt.</span> <span class='ocrx_word' id='word_1_187' title='bbox 437 2501 657 2593; x_wconf 84' lang='lat' dir='ltr'>pronuntiatio</span> <span class='ocrx_word' id='word_1_188' title='bbox 673 2520 757 2571; x_wconf 89' lang='lat' dir='ltr'>certe</span> <span class='ocrx_word' id='word_1_189' title='bbox 773 2510 878 2570; x_wconf 86' lang='lat' dir='ltr'>effecit</span> <span class='ocrx_word' id='word_1_190' title='bbox 892 2520 930 2571; x_wconf 94' lang='lat' dir='ltr'>ut</span> <span class='ocrx_word' id='word_1_191' title='bbox 950 2510 1077 2573; x_wconf 86' lang='lat' dir='ltr'>litterae</span> <span class='ocrx_word' id='word_1_192' title='bbox 1098 2511 1133 2572; x_wconf 94' lang='lat' dir='ltr'>in</span> <span class='ocrx_word' id='word_1_193' title='bbox 1154 2504 1346 2593; x_wconf 86' lang='lat' dir='ltr'>quibusdam</span> <span class='ocrx_word' id='word_1_194' title='bbox 1392 2526 1396 2532; x_wconf 83' lang='grc'><em>·</em></span> 
     </span>
     <span class='ocr_line' id='line_1_22' title="bbox 181 2613 1346 2698; baseline -0.002 -18"><span class='ocrx_word' id='word_1_195' title='bbox 181 2617 288 2683; x_wconf 88' lang='lat' dir='ltr'>uerbis</span> <span class='ocrx_word' id='word_1_196' title='bbox 304 2615 562 2698; x_wconf 84' lang='lat' dir='ltr'>geminarentur,</span> <span class='ocrx_word' id='word_1_197' title='bbox 588 2625 629 2676; x_wconf 82' lang='lat' dir='ltr'>ut-</span> <span class='ocrx_word' id='word_1_198' title='bbox 641 2615 655 2678; x_wconf 79' lang='lat' dir='ltr'>l</span> <span class='ocrx_word' id='word_1_199' title='bbox 666 2613 702 2675; x_wconf 91' lang='lat' dir='ltr'>in</span> <span class='ocrx_word' id='word_1_200' title='bbox 716 2613 846 2676; x_wconf 81' lang='lat' dir='ltr'>Amulli</span> <span class='ocrx_word' id='word_1_201' title='bbox 897 2616 964 2696; x_wconf 89' lang='lat' dir='ltr'>(B),</span> <span class='ocrx_word' id='word_1_202' title='bbox 986 2613 1141 2678; x_wconf 68' lang='lat' dir='ltr'>catilano</span> <span class='ocrx_word' id='word_1_203' title='bbox 1156 2616 1230 2697; x_wconf 87' lang='lat' dir='ltr'>(N),</span> <span class='ocrx_word' id='word_1_204' title='bbox 1248 2615 1346 2678; x_wconf 80' lang='lat' dir='ltr'>Duil-</span> 
     </span>
     <span class='ocr_line' id='line_1_23' title="bbox 182 2719 1347 2806; baseline -0.002 -18"><span class='ocrx_word' id='word_1_205' title='bbox 182 2723 246 2788; x_wconf 80' lang='lat' dir='ltr'>lius</span> <span class='ocrx_word' id='word_1_206' title='bbox 270 2723 384 2806; x_wconf 88' lang='lat' dir='ltr'><em>(BN),</em></span> <span class='ocrx_word' id='word_1_207' title='bbox 416 2743 447 2784; x_wconf 87' lang='lat' dir='ltr'>m</span> <span class='ocrx_word' id='word_1_208' title='bbox 469 2720 504 2783; x_wconf 93' lang='lat' dir='ltr'>in</span> <span class='ocrx_word' id='word_1_209' title='bbox 525 2719 713 2796; x_wconf 71' lang='lat' dir='ltr'>conmissus,</span> <span class='ocrx_word' id='word_1_210' title='bbox 738 2719 916 2796; x_wconf 78' lang='lat' dir='ltr'>ommissis,</span> <span class='ocrx_word' id='word_1_211' title='bbox 950 2723 1161 2796; x_wconf 80' lang='lat' dir='ltr'>Oummuuus,</span> <span class='ocrx_word' id='word_1_212' title='bbox 1190 2722 1347 2786; x_wconf 83' lang='lat' dir='ltr'>Flammi-</span> 
     </span>
     <span class='ocr_line' id='line_1_24' title="bbox 181 2821 1396 2910; baseline -0.002 -17"><span class='ocrx_word' id='word_1_213' title='bbox 181 2829 271 2906; x_wconf 80' lang='lat' dir='ltr'>u&#39;ius,</span> <span class='ocrx_word' id='word_1_214' title='bbox 292 2821 464 2903; x_wconf 64' lang='lat' dir='ltr'>immitari,</span> <span class='ocrx_word' id='word_1_215' title='bbox 486 2827 717 2890; x_wconf 83' lang='lat' dir='ltr'>Nummautius</span> <span class='ocrx_word' id='word_1_216' title='bbox 733 2829 808 2910; x_wconf 84' lang='lat' dir='ltr'>(B),</span> <span class='ocrx_word' id='word_1_217' title='bbox 834 2825 900 2889; x_wconf 91' lang='lat' dir='ltr'>sin</span> <span class='ocrx_word' id='word_1_218' title='bbox 915 2826 1099 2910; x_wconf 80' lang='lat' dir='ltr'>Hisspuuiu</span> <span class='ocrx_word' id='word_1_219' title='bbox 1114 2829 1188 2910; x_wconf 88' lang='lat' dir='ltr'><em>(B);</em></span> <span class='ocrx_word' id='word_1_220' title='bbox 1214 2838 1246 2890; x_wconf 88' lang='lat' dir='ltr'>et</span> <span class='ocrx_word' id='word_1_221' title='bbox 1268 2829 1347 2891; x_wconf 87' lang='lat' dir='ltr'>haec</span> <span class='ocrx_word' id='word_1_222' title='bbox 1393 2833 1396 2837; x_wconf 74' lang='grc'><em>’</em></span> 
     </span>
     <span class='ocr_line' id='line_1_25' title="bbox 184 2933 1365 3018; baseline -0.001 -20"><span class='ocrx_word' id='word_1_223' title='bbox 184 2935 312 3018; x_wconf 87' lang='lat' dir='ltr'>quidem</span> <span class='ocrx_word' id='word_1_224' title='bbox 326 2956 425 3018; x_wconf 89' lang='lat' dir='ltr'>praue</span> <span class='ocrx_word' id='word_1_225' title='bbox 442 2933 559 3016; x_wconf 87' lang='lat' dir='ltr'>scripta</span> <span class='ocrx_word' id='word_1_226' title='bbox 574 2945 667 3012; x_wconf 86' lang='lat' dir='ltr'>sunt,</span> <span class='ocrx_word' id='word_1_227' title='bbox 692 2943 776 2996; x_wconf 86' lang='lat' dir='ltr'>recte</span> <span class='ocrx_word' id='word_1_228' title='bbox 798 2955 874 2996; x_wconf 84' lang='lat' dir='ltr'>uero</span> <span class='ocrx_word' id='word_1_229' title='bbox 896 2933 1085 3010; x_wconf 72' lang='lat' dir='ltr'>commanus,</span> <span class='ocrx_word' id='word_1_230' title='bbox 1110 2934 1347 2997; x_wconf 80' lang='lat' dir='ltr'>mercennurius</span> <span class='ocrx_word' id='word_1_231' title='bbox 1363 3013 1365 3018; x_wconf 27' lang='grc'><strong>,</strong></span> 
     </span>
    </p>
   </div>
   <div class='ocr_carea' id='block_1_3' title="bbox 180 3038 1445 3125">
    <p class='ocr_par' dir='ltr' id='par_1_7' title="bbox 180 3038 1445 3125">
     <span class='ocr_line' id='line_1_26' title="bbox 180 3038 1445 3125; baseline -0.002 -21"><span class='ocrx_word' id='word_1_232' title='bbox 180 3043 335 3125; x_wconf 86' lang='lat' dir='ltr'>praebent</span> <span class='ocrx_word' id='word_1_233' title='bbox 355 3046 428 3104; x_wconf 89' lang='lat' dir='ltr'>BN.</span> <span class='ocrx_word' id='word_1_234' title='bbox 461 3051 572 3104; x_wconf 90' lang='lat' dir='ltr'>contra</span> <span class='ocrx_word' id='word_1_235' title='bbox 593 3047 622 3102; x_wconf 94' lang='lat' dir='ltr'><em>B</em></span> <span class='ocrx_word' id='word_1_236' title='bbox 642 3050 754 3123; x_wconf 87' lang='lat' dir='ltr'>peccat</span> <span class='ocrx_word' id='word_1_237' title='bbox 783 3038 922 3123; x_wconf 89' lang='lat' dir='ltr'>simplici</span> <span class='ocrx_word' id='word_1_238' title='bbox 942 3039 1052 3103; x_wconf 90' lang='lat' dir='ltr'>littera</span> <span class='ocrx_word' id='word_1_239' title='bbox 1071 3038 1176 3122; x_wconf 91' lang='lat' dir='ltr'>posita</span> <span class='ocrx_word' id='word_1_240' title='bbox 1190 3038 1225 3101; x_wconf 92' lang='lat' dir='ltr'>in</span> <span class='ocrx_word' id='word_1_241' title='bbox 1239 3039 1347 3102; x_wconf 88' lang='lat' dir='ltr'>uerbis</span> <span class='ocrx_word' id='word_1_242' title='bbox 1438 3059 1445 3072; x_wconf 80' lang='lat'><strong><em>‘</em></strong></span> 
     </span>
    </p>
   </div>
   <div class='ocr_carea' id='block_1_4' title="bbox 179 3144 1413 4391">
    <p class='ocr_par' dir='ltr' id='par_1_8' title="bbox 181 3144 1347 3443">
     <span class='ocr_line' id='line_1_27' title="bbox 183 3144 1347 3230; baseline -0.003 -20"><span class='ocrx_word' id='word_1_243' title='bbox 183 3156 338 3211; x_wconf 77' lang='lat' dir='ltr'>contectus</span> <span class='ocrx_word' id='word_1_244' title='bbox 355 3158 387 3210; x_wconf 89' lang='lat' dir='ltr'>et</span> <span class='ocrx_word' id='word_1_245' title='bbox 406 3146 576 3222; x_wconf 57' lang='lat' dir='ltr'>Thessalia·</span> <span class='ocrx_word' id='word_1_246' title='bbox 600 3168 677 3209; x_wconf 90' lang='lat' dir='ltr'>nam</span> <span class='ocrx_word' id='word_1_247' title='bbox 700 3154 872 3230; x_wconf 79' lang='lat' dir='ltr'>oportunus</span> <span class='ocrx_word' id='word_1_248' title='bbox 894 3147 980 3229; x_wconf 92' lang='lat' dir='ltr'>quod</span> <span class='ocrx_word' id='word_1_249' title='bbox 1000 3145 1037 3208; x_wconf 91' lang='lat' dir='ltr'>in</span> <span class='ocrx_word' id='word_1_250' title='bbox 1051 3147 1164 3208; x_wconf 86' lang='lat' dir='ltr'>eodem</span> <span class='ocrx_word' id='word_1_251' title='bbox 1178 3145 1298 3228; x_wconf 88' lang='lat' dir='ltr'>legitur</span> <span class='ocrx_word' id='word_1_252' title='bbox 1311 3144 1347 3207; x_wconf 90' lang='lat' dir='ltr'>in</span> 
     </span>
     <span class='ocr_line' id='line_1_28' title="bbox 181 3249 1346 3343; baseline -0.003 -27"><span class='ocrx_word' id='word_1_253' title='bbox 181 3253 321 3336; x_wconf 89' lang='lat' dir='ltr'>antiquis</span> <span class='ocrx_word' id='word_1_254' title='bbox 337 3253 499 3316; x_wconf 90' lang='lat' dir='ltr'>codicibus</span> <span class='ocrx_word' id='word_1_255' title='bbox 514 3254 575 3315; x_wconf 90' lang='lat' dir='ltr'>hoc</span> <span class='ocrx_word' id='word_1_256' title='bbox 590 3254 685 3314; x_wconf 91' lang='lat' dir='ltr'>modo</span> <span class='ocrx_word' id='word_1_257' title='bbox 700 3251 795 3315; x_wconf 88' lang='lat' dir='ltr'>scribi</span> <span class='ocrx_word' id='word_1_258' title='bbox 817 3252 919 3315; x_wconf 87' lang='lat' dir='ltr'>solere</span> <span class='ocrx_word' id='word_1_259' title='bbox 939 3274 1007 3314; x_wconf 88' lang='lat' dir='ltr'>sero</span> <span class='ocrx_word' id='word_1_260' title='bbox 1029 3252 1069 3313; x_wconf 89' lang='lat' dir='ltr'>ab</span> <span class='ocrx_word' id='word_1_261' title='bbox 1089 3249 1223 3313; x_wconf 90' lang='lat' dir='ltr'>Halmio</span> <span class='ocrx_word' id='word_1_262' title='bbox 1243 3250 1346 3343; x_wconf 82' lang='lat' dir='ltr'>moni·</span> 
     </span>
     <span class='ocr_line' id='line_1_29' title="bbox 181 3357 1170 3443; baseline -0.001 -23"><span class='ocrx_word' id='word_1_263' title='bbox 181 3369 233 3421; x_wconf 91' lang='lat' dir='ltr'>tus</span> <span class='ocrx_word' id='word_1_264' title='bbox 250 3357 474 3420; x_wconf 84' lang='lat' dir='ltr'>animaduerti.</span> <span class='ocrx_word' id='word_1_265' title='bbox 985 3431 993 3443; x_wconf 89' lang='lat'><strong>.</strong></span> <span class='ocrx_word' id='word_1_266' title='bbox 1129 3360 1136 3377; x_wconf 61' lang='lat'>¹</span> <span class='ocrx_word' id='word_1_267' title='bbox 1166 3369 1170 3372; x_wconf 81' lang='grc'><strong>’</strong></span> 
     </span>
    </p>

    <p class='ocr_par' dir='ltr' id='par_1_9' title="bbox 179 3461 1413 4391">
     <span class='ocr_line' id='line_1_30' title="bbox 246 3461 1413 3544; baseline 0.001 -21"><span class='ocrx_word' id='word_1_268' title='bbox 246 3464 343 3532; x_wconf 84' lang='lat' dir='ltr'>Quod</span> <span class='ocrx_word' id='word_1_269' title='bbox 357 3462 410 3523; x_wconf 92' lang='lat' dir='ltr'>uel</span> <span class='ocrx_word' id='word_1_270' title='bbox 426 3484 466 3524; x_wconf 89' lang='lat' dir='ltr'>ex</span> <span class='ocrx_word' id='word_1_271' title='bbox 480 3463 568 3524; x_wconf 87' lang='lat' dir='ltr'>hisce</span> <span class='ocrx_word' id='word_1_272' title='bbox 584 3461 812 3543; x_wconf 86' lang='lat' dir='ltr'>speciminibus</span> <span class='ocrx_word' id='word_1_273' title='bbox 827 3462 906 3524; x_wconf 88' lang='lat' dir='ltr'>satis</span> <span class='ocrx_word' id='word_1_274' title='bbox 922 3473 1071 3543; x_wconf 87' lang='lat' dir='ltr'>apparet,</span> <span class='ocrx_word' id='word_1_275' title='bbox 1089 3462 1256 3544; x_wconf 88' lang='lat' dir='ltr'>antiquam</span> <span class='ocrx_word' id='word_1_276' title='bbox 1269 3461 1346 3530; x_wconf 86' lang='lat' dir='ltr'>scri·</span> <span class='ocrx_word' id='word_1_277' title='bbox 1411 3518 1413 3524; x_wconf 91' lang='lat'>.</span> 
     </span>
     <span class='ocr_line' id='line_1_31' title="bbox 179 3565 1348 3642; baseline -0.002 -11"><span class='ocrx_word' id='word_1_278' title='bbox 179 3567 278 3631; x_wconf 81' lang='lat' dir='ltr'>bandi</span> <span class='ocrx_word' id='word_1_279' title='bbox 292 3565 451 3629; x_wconf 83' lang='lat' dir='ltr'>rationem</span> <span class='ocrx_word' id='word_1_280' title='bbox 465 3567 499 3628; x_wconf 93' lang='lat' dir='ltr'>in</span> <span class='ocrx_word' id='word_1_281' title='bbox 515 3577 628 3629; x_wconf 90' lang='lat' dir='ltr'>neutro</span> <span class='ocrx_word' id='word_1_282' title='bbox 643 3566 760 3628; x_wconf 89' lang='lat' dir='ltr'>horum</span> <span class='ocrx_word' id='word_1_283' title='bbox 775 3565 923 3628; x_wconf 86' lang='lat' dir='ltr'>codicum</span> <span class='ocrx_word' id='word_1_284' title='bbox 942 3576 1127 3629; x_wconf 87' lang='lat' dir='ltr'>constanter</span> <span class='ocrx_word' id='word_1_285' title='bbox 1146 3566 1285 3642; x_wconf 89' lang='lat' dir='ltr'>seruari,</span> <span class='ocrx_word' id='word_1_286' title='bbox 1310 3577 1348 3629; x_wconf 82' lang='lat' dir='ltr'>ut</span> 
     </span>
     <span class='ocr_line' id='line_1_32' title="bbox 180 3670 1346 3755; baseline -0.001 -19"><span class='ocrx_word' id='word_1_287' title='bbox 180 3674 256 3736; x_wconf 90' lang='lat' dir='ltr'>inde</span> <span class='ocrx_word' id='word_1_288' title='bbox 271 3671 399 3735; x_wconf 89' lang='lat' dir='ltr'>restitui</span> <span class='ocrx_word' id='word_1_289' title='bbox 413 3672 533 3755; x_wconf 86' lang='lat' dir='ltr'>possit,</span> <span class='ocrx_word' id='word_1_290' title='bbox 556 3681 588 3734; x_wconf 87' lang='lat' dir='ltr'>et</span> <span class='ocrx_word' id='word_1_291' title='bbox 603 3693 679 3734; x_wconf 90' lang='lat' dir='ltr'>uero</span> <span class='ocrx_word' id='word_1_292' title='bbox 694 3671 729 3732; x_wconf 90' lang='lat' dir='ltr'>in</span> <span class='ocrx_word' id='word_1_293' title='bbox 744 3670 821 3754; x_wconf 87' lang='lat' dir='ltr'>ipsis</span> <span class='ocrx_word' id='word_1_294' title='bbox 838 3670 1040 3754; x_wconf 88' lang='lat' dir='ltr'>antiquitatis</span> <span class='ocrx_word' id='word_1_295' title='bbox 1055 3670 1201 3754; x_wconf 86' lang='lat' dir='ltr'>uestigiis</span> <span class='ocrx_word' id='word_1_296' title='bbox 1216 3694 1346 3735; x_wconf 89' lang='lat' dir='ltr'>seruan-</span> 
     </span>
     <span class='ocr_line' id='line_1_33' title="bbox 181 3777 1346 3862; baseline 0.001 -21"><span class='ocrx_word' id='word_1_297' title='bbox 181 3779 229 3842; x_wconf 90' lang='lat' dir='ltr'>dis</span> <span class='ocrx_word' id='word_1_298' title='bbox 254 3779 414 3842; x_wconf 87' lang='lat' dir='ltr'>diuersam</span> <span class='ocrx_word' id='word_1_299' title='bbox 435 3778 603 3862; x_wconf 88' lang='lat' dir='ltr'>utriusque</span> <span class='ocrx_word' id='word_1_300' title='bbox 624 3777 781 3861; x_wconf 85' lang='lat' dir='ltr'>originem</span> <span class='ocrx_word' id='word_1_301' title='bbox 809 3777 947 3840; x_wconf 89' lang='lat' dir='ltr'>discerni</span> <span class='ocrx_word' id='word_1_302' title='bbox 972 3800 1082 3861; x_wconf 80' lang='lat' dir='ltr'>posse,</span> <span class='ocrx_word' id='word_1_303' title='bbox 1109 3777 1195 3841; x_wconf 92' lang='lat' dir='ltr'>idem</span> <span class='ocrx_word' id='word_1_304' title='bbox 1215 3778 1252 3841; x_wconf 91' lang='lat' dir='ltr'>in</span> <span class='ocrx_word' id='word_1_305' title='bbox 1274 3779 1346 3842; x_wconf 87' lang='lat' dir='ltr'>aliis</span> 
     </span>
     <span class='ocr_line' id='line_1_34' title="bbox 182 3869 1346 3968; baseline 0 -20"><span class='ocrx_word' id='word_1_306' title='bbox 182 3884 373 3968; x_wconf 87' lang='lat' dir='ltr'>quibusdam</span> <span class='ocrx_word' id='word_1_307' title='bbox 388 3886 482 3948; x_wconf 88' lang='lat' dir='ltr'>rebus</span> <span class='ocrx_word' id='word_1_308' title='bbox 498 3885 611 3948; x_wconf 89' lang='lat' dir='ltr'>similis</span> <span class='ocrx_word' id='word_1_309' title='bbox 627 3893 762 3947; x_wconf 89' lang='lat' dir='ltr'>naturae</span> <span class='ocrx_word' id='word_1_310' title='bbox 777 3883 939 3948; x_wconf 87' lang='lat' dir='ltr'>obseruari</span> <span class='ocrx_word' id='word_1_311' title='bbox 952 3895 1070 3968; x_wconf 89' lang='lat' dir='ltr'>potest.</span> <span class='ocrx_word' id='word_1_312' title='bbox 1100 3884 1149 3948; x_wconf 89' lang='lat' dir='ltr'>ita</span> <span class='ocrx_word' id='word_1_313' title='bbox 1162 3885 1198 3946; x_wconf 92' lang='lat' dir='ltr'>in</span> <span class='ocrx_word' id='word_1_314' title='bbox 1213 3869 1346 3949; x_wconf 87' lang='lat' dir='ltr'>Graecis</span> 
     </span>
     <span class='ocr_line' id='line_1_35' title="bbox 181 3987 1346 4072; baseline 0.001 -21"><span class='ocrx_word' id='word_1_315' title='bbox 181 3989 365 4052; x_wconf 89' lang='lat' dir='ltr'>nominibus</span> <span class='ocrx_word' id='word_1_316' title='bbox 381 3990 500 4053; x_wconf 86' lang='lat' dir='ltr'>formae</span> <span class='ocrx_word' id='word_1_317' title='bbox 524 3987 665 4055; x_wconf 84' lang='lat' dir='ltr'>Graecae</span> <span class='ocrx_word' id='word_1_318' title='bbox 687 3989 722 4064; x_wconf 87' lang='lat' dir='ltr'>in</span> <span class='ocrx_word' id='word_1_319' title='bbox 742 4000 858 4053; x_wconf 88' lang='lat' dir='ltr'>neutro</span> <span class='ocrx_word' id='word_1_320' title='bbox 879 3989 1010 4072; x_wconf 88' lang='lat' dir='ltr'>quidem</span> <span class='ocrx_word' id='word_1_321' title='bbox 1030 3990 1138 4054; x_wconf 88' lang='lat' dir='ltr'>codice</span> <span class='ocrx_word' id='word_1_322' title='bbox 1162 4001 1346 4054; x_wconf 75' lang='lat' dir='ltr'>constanter</span> 
     </span>
     <span class='ocr_line' id='line_1_36' title="bbox 181 4095 1343 4180; baseline -0.001 -22"><span class='ocrx_word' id='word_1_323' title='bbox 181 4097 315 4159; x_wconf 83' lang='lat' dir='ltr'>traditae</span> <span class='ocrx_word' id='word_1_324' title='bbox 331 4106 424 4172; x_wconf 89' lang='lat' dir='ltr'>sunt,</span> <span class='ocrx_word' id='word_1_325' title='bbox 441 4097 537 4180; x_wconf 85' lang='lat' dir='ltr'>longe</span> <span class='ocrx_word' id='word_1_326' title='bbox 552 4095 677 4178; x_wconf 87' lang='lat' dir='ltr'>saepius</span> <span class='ocrx_word' id='word_1_327' title='bbox 694 4104 801 4158; x_wconf 87' lang='lat' dir='ltr'>autem</span> <span class='ocrx_word' id='word_1_328' title='bbox 816 4095 851 4157; x_wconf 92' lang='lat' dir='ltr'>in</span> <span class='ocrx_word' id='word_1_329' title='bbox 866 4102 904 4158; x_wconf 94' lang='lat' dir='ltr'><em>N</em></span> <span class='ocrx_word' id='word_1_330' title='bbox 914 4095 1128 4159; x_wconf 86' lang='lat' dir='ltr'>inueniuntur</span> <span class='ocrx_word' id='word_1_331' title='bbox 1143 4118 1239 4177; x_wconf 90' lang='lat' dir='ltr'>quam</span> <span class='ocrx_word' id='word_1_332' title='bbox 1253 4095 1289 4158; x_wconf 90' lang='lat' dir='ltr'>in</span> <span class='ocrx_word' id='word_1_333' title='bbox 1303 4103 1343 4158; x_wconf 93' lang='lat' dir='ltr'>B.</span> 
     </span>
     <span class='ocr_line' id='line_1_37' title="bbox 182 4184 1347 4284; baseline -0.003 -20"><span class='ocrx_word' id='word_1_334' title='bbox 182 4202 380 4265; x_wconf 87' lang='lat' dir='ltr'>accusatiuos</span> <span class='ocrx_word' id='word_1_335' title='bbox 396 4202 508 4265; x_wconf 86' lang='lat' dir='ltr'>tertiae</span> <span class='ocrx_word' id='word_1_336' title='bbox 523 4184 748 4265; x_wconf 85' lang='lat' dir='ltr'>declinationis</span> <span class='ocrx_word' id='word_1_337' title='bbox 767 4202 908 4284; x_wconf 88' lang='lat' dir='ltr'>plurales</span> <span class='ocrx_word' id='word_1_338' title='bbox 929 4222 1018 4263; x_wconf 89' lang='lat' dir='ltr'>nune</span> <span class='ocrx_word' id='word_1_339' title='bbox 1039 4201 1074 4263; x_wconf 92' lang='lat' dir='ltr'>in</span> <span class='ocrx_word' id='word_1_340' title='bbox 1096 4224 1129 4263; x_wconf 87' lang='lat' dir='ltr'>es</span> <span class='ocrx_word' id='word_1_341' title='bbox 1150 4223 1238 4262; x_wconf 89' lang='lat' dir='ltr'>nunc</span> <span class='ocrx_word' id='word_1_342' title='bbox 1260 4200 1302 4262; x_wconf 90' lang='lat' dir='ltr'>in</span> <span class='ocrx_word' id='word_1_343' title='bbox 1317 4201 1347 4261; x_wconf 83' lang='lat' dir='ltr'>is</span> 
     </span>
     <span class='ocr_line' id='line_1_38' title="bbox 181 4301 1348 4391; baseline -0.004 -21"><span class='ocrx_word' id='word_1_344' title='bbox 181 4317 335 4370; x_wconf 85' lang='lat' dir='ltr'>exeuntes</span> <span class='ocrx_word' id='word_1_345' title='bbox 356 4313 422 4370; x_wconf 92' lang='lat' dir='ltr'>BN</span> <span class='ocrx_word' id='word_1_346' title='bbox 433 4307 617 4370; x_wconf 84' lang='lat' dir='ltr'>exhibendo.</span> <span class='ocrx_word' id='word_1_347' title='bbox 636 4309 724 4371; x_wconf 92' lang='lat' dir='ltr'>haud</span> <span class='ocrx_word' id='word_1_348' title='bbox 748 4329 909 4391; x_wconf 89' lang='lat' dir='ltr'>quaquam</span> <span class='ocrx_word' id='word_1_349' title='bbox 930 4306 1015 4369; x_wconf 90' lang='lat' dir='ltr'>inter</span> <span class='ocrx_word' id='word_1_350' title='bbox 1035 4329 1069 4369; x_wconf 89' lang='lat' dir='ltr'>se</span> <span class='ocrx_word' id='word_1_351' title='bbox 1091 4301 1286 4388; x_wconf 88' lang='lat' dir='ltr'>conspirant.</span> <span class='ocrx_word' id='word_1_352' title='bbox 1317 4310 1348 4365; x_wconf 93' lang='lat' dir='ltr'><em>B</em></span> 
     </span>
    </p>
   </div>
   <div class='ocr_carea' id='block_1_5' title="bbox 179 4407 1419 4568">
    <p class='ocr_par' dir='ltr' id='par_1_10' title="bbox 179 4407 1419 4568">
     <span class='ocr_line' id='line_1_39' title="bbox 179 4407 1419 4496; baseline -0.008 -19"><span class='ocrx_word' id='word_1_353' title='bbox 179 4412 344 4496; x_wconf 89' lang='lat' dir='ltr'>proprium</span> <span class='ocrx_word' id='word_1_354' title='bbox 366 4425 414 4476; x_wconf 89' lang='lat' dir='ltr'>est</span> <span class='ocrx_word' id='word_1_355' title='bbox 433 4422 512 4494; x_wconf 74' lang='lat' dir='ltr'>pote</span> <span class='ocrx_word' id='word_1_356' title='bbox 532 4421 580 4476; x_wconf 84' lang='lat' dir='ltr'>est</span> <span class='ocrx_word' id='word_1_357' title='bbox 599 4413 727 4496; x_wconf 86' lang='lat' dir='ltr'>saepius</span> <span class='ocrx_word' id='word_1_358' title='bbox 748 4433 805 4495; x_wconf 92' lang='lat' dir='ltr'>pro</span> <span class='ocrx_word' id='word_1_359' title='bbox 824 4419 929 4494; x_wconf 82' lang='lat' dir='ltr'>potest</span> <span class='ocrx_word' id='word_1_360' title='bbox 950 4411 1122 4494; x_wconf 70' lang='lat' dir='ltr'>scriptum</span> <span class='ocrx_word' id='word_1_361' title='bbox 1147 4417 1185 4473; x_wconf 93' lang='lat' dir='ltr'><em>N</em></span> <span class='ocrx_word' id='word_1_362' title='bbox 1203 4407 1347 4470; x_wconf 87' lang='lat' dir='ltr'>seruauit</span> <span class='ocrx_word' id='word_1_363' title='bbox 1415 4453 1419 4459; x_wconf 86' lang='lat'>.</span> 
     </span>
     <span class='ocr_line' id='line_1_40' title="bbox 215 4509 1185 4568; baseline -0.006 0"><span class='ocrx_word' id='word_1_364' title='bbox 215 4527 331 4568; x_wconf 78' lang='lat' dir='ltr'>rnonvs.</span> <span class='ocrx_word' id='word_1_365' title='bbox 1139 4509 1185 4562; x_wconf 89' lang='lat'>111</span> 
     </span>
    </p>
   </div>
   <div class='ocr_carea' id='block_1_6' title="bbox 0 0 1661 5084">
    <p class='ocr_par' dir='ltr' id='par_1_11' title="bbox 0 0 1661 5084">
     <span class='ocr_line' id='line_1_41' title="bbox 0 0 1661 5084; baseline 0 0"><span class='ocrx_word' id='word_1_366' title='bbox 0 0 1661 5084; x_wconf 95' lang='lat' dir='ltr'> </span> 
     </span>
    </p>
   </div>
  </div>
 </body>
</html>
