3300 5084
486 397 489 402 .
519 357 668 402 arnoul
685 359 723 414 rr,
746 352 788 400 17.
809 350 841 400 18
862 338 1052 423 [1111,7.8].
1311 342 1370 403 109

178 519 181 522 ·
211 502 358 590 quamuis
374 506 471 568 duces
486 505 561 570 inde
576 517 759 588 praesentes
782 509 949 583 adessent,
972 507 1049 570 hinc
1073 508 1210 571 alterum
1225 509 1365 592 corporis

211 608 396 691 aegritudo,
421 608 517 674 illum
537 621 642 674 metus
665 622 697 675 et
718 612 851 694 ignauia
872 612 1118 690 subduxissent,
1142 623 1243 676 staret
1258 627 1366 678 tamen
1412 620 1414 623 ’

210 735 268 796 pro
283 715 428 796 partibus
441 715 567 779 inuicta
580 717 710 780 fortuna
725 727 758 780 et
772 717 886 780 ultoris
903 729 935 780 et
950 718 1006 800 qui
1020 718 1257 796 uindicabatur,
1275 741 1365 801 proe-

127 807 131 818 ’
209 818 385 884 liumadeo
401 842 518 904 anceps
532 820 595 884 fuit
610 831 647 885 ut
668 844 726 905 par
748 822 909 905 utrimque
932 822 1102 886 discrimen
1125 823 1230 887 exitus
1252 824 1366 906 proelii

179 936 194 984 5
211 925 371 990 docuerit:
391 937 484 1009 capta
499 937 576 992 sunt
590 925 667 991 hinc
682 926 827 990 Caesaris
843 938 958 1003 castra,
975 929 1050 991 inde
1067 928 1169 992 Cassi.
1188 950 1229 991 en
1244 939 1365 1011 quanto

211 1030 367 1096 efficacior
388 1043 438 1096 est
463 1031 593 1096 fortuna
622 1055 718 1116 quam
739 1032 859 1096 uirtus!
885 1043 917 1095 et
938 1055 1034 1115 quam
1055 1055 1169 1096 uerum
1189 1044 1254 1111 est,
1280 1035 1365 1118 quod

209 1135 350 1200 moriens
365 1139 486 1200 Brutus
499 1137 632 1213 efflauit,
650 1137 717 1200 no'n
732 1138 764 1199 in
781 1159 826 1214 re,
845 1138 901 1200 sed
916 1137 951 1199 in
962 1139 1061 1200 uerbo
1076 1148 1205 1201 tantum
1219 1159 1288 1201 esse
1299 1137 1364 1200 uir·

210 1241 327 1305 tutem!
346 1241 515 1306 uictoriam
529 1242 579 1305 illi
594 1243 715 1326 proelio
730 1265 815 1306 error
831 1242 929 1306 dedit.
956 1243 1086 1308 Cassius
1097 1243 1253 1307 inclinato
1264 1264 1363 1306 cornu

210 1368 340 1409 suorum
362 1369 438 1410 cum
452 1347 555 1430 captis
572 1348 716 1412 Caesaris
732 1347 844 1412 castris
859 1348 971 1432 rapido
986 1348 1109 1431 impetu
1123 1347 1313 1434 recipientes
1329 1370 1362 1414 se

158 1461 190 1512 10
209 1452 331 1534 equites
345 1451 487 1529 uideret,
509 1452 621 1537 fugere
641 1453 796 1516 abitratus
813 1453 923 1516 euadit
937 1453 973 1516 in
995 1454 1167 1516 tumulum.
1199 1453 1275 1516 inde
1289 1453 1360 1535 pul·
1436 1441 1445 1453 ⁹

209 1577 284 1620 uere
299 1567 331 1621 et
346 1557 500 1642 strepitu,
522 1557 617 1621 etiam
639 1567 733 1620 nocte
749 1557 859 1620 uicina
874 1557 1089 1620 eximentibus
1103 1568 1213 1640 gestae
1227 1558 1274 1621 rei
1289 1579 1360 1620 sen-

210 1683 300 1740 sum,
333 1685 407 1727 cum
435 1663 614 1747 speculator
637 1683 762 1743 quoque
784 1662 820 1723 in
842 1662 877 1724 id
900 1661 1016 1726 missus
1038 1661 1160 1725 tardius
1181 1661 1359 1738 nuntiaret,

208 1777 406 1832 transactum
420 1767 460 1832 de
475 1765 625 1849 ‘partibus
640 1776 728 1828 ratus
743 1766 802 1828 uni
816 1786 859 1827 ex
880 1765 1033 1848 proximis
1048 1766 1258 1829 auferendum
1271 1788 1360 1850 prae-

208 1872 281 1935 buit
295 1882 402 1955 caput.
441 1874 563 1934 Brutus
586 1891 661 1932 oum
681 1869 717 1931 in
732 1869 844 1933 Cassio
868 1870 966 1932 etiam
987 1891 1083 1934 suum
1098 1869 1243 1933 animum
1256 1870 1360 1953 perdi-

157 1989 189 2038 15
207 1977 323 2053 disset,
346 1997 389 2040 ne
403 1974 482 2058 quid
497 1996 538 2038 ex
552 1975 720 2038 constituti
737 1975 801 2038 fide
823 1972 1001 2058 resignaret
1027 1975 1094 2057 (ita
1119 1974 1207 2038 enim
1225 1994 1292 2037 non
1307 1995 1359 2036 su·

207 2101 332 2165 peresse
343 2081 428 2145 bello
441 2083 659 2163 conuenerat),
672 2081 739 2163 ipse
755 2101 881 2163 quoque
896 2081 955 2143 uni
969 2080 1123 2144 comitum
1138 2100 1270 2159 sporum
1284 2099 1359 2142 oon-

208 2186 396 2251 fodiendum
417 2186 564 2271 praebuit
593 2186 689 2250 latus.
735 2185 807 2270 quis
837 2183 1089 2267 sapientissimos
1111 2208 1148 2249 ao
1169 2182 1358 2249 fortissimos

152 2329 153 2332 =
208 2292 294 2357 uiros
308 2313 375 2356 non
389 2292 522 2356 miretur
537 2293 577 2354 ad
592 2291 745 2354 ultimum
759 2312 825 2353 non
841 2291 907 2353 suis
921 2291 1073 2355 manibus
1093 2288 1188 2354 usos?
1210 2288 1275 2351 nisi
1297 2288 1359 2350 hoo

209 2420 334 2482 quoque
349 2419 390 2461 ex
404 2395 609 2480 persuasione
625 2407 729 2458 sectae
744 2395 825 2470 firit,
849 2416 891 2456 ne
912 2394 1072 2458 uiolarent
1094 2414 1228 2468 manus,
1252 2389 1357 2454 sedin

154 2517 187 2567 20
205 2503 390 2568 amolitione
404 2501 648 2566 fortissimarum
662 2499 942 2582 piissimarumque
957 2498 1138 2561 animarum
1151 2495 1270 2559 iudicio
1286 2517 1359 2570 suo,

207 2609 324 2672 scelere
339 2607 444 2671 alieno
458 2615 636 2668 uterentur.

344 2849 480 2913 XVIII.
505 2846 690 2912 BELLVM
709 2845 805 2909 cVM
825 2843 979 2910 SEXTO
991 2843 1209 2909 POMPEIO.
1267 2924 1271 2931 ι

204 3034 347 3101 Sublatis
362 3031 598 3120 percussoribus
614 3029 760 3095 Caesaris
780 3041 942 3113 supererat
964 3027 1098 3111 Pompei
1120 3029 1245 3091 domus.
1276 3027 1476 3097 attenuas

203 3142 360 3206 iuuenum
374 3140 410 3203 in
425 3139 587 3224 Hispania
602 3138 777 3212 occiderat,
801 3135 881 3199 alter
902 3137 980 3219 fuga
1000 3144 1146 3199 euaserat
1171 3131 1356 3196 contractis·

151 3261 184 3310 25
203 3269 266 3332 que
287 3246 425 3310 infelicis
445 3244 524 3309 belli
544 3243 706 3326 reliquiis,
736 3262 811 3304 cum
838 3241 971 3323 insuper
999 3238 1160 3322 ergastula
1189 3247 1352 3313 armasset,

205 3351 349 3418 Siciliam
371 3350 616 3431 Sardiniamque
639 3347 790 3410 habebat.
836 3345 955 3409 iamet
981 3345 1081 3407 classe
1102 3342 1247 3441 medium
1267 3362 1355 3404 mare

204 3458 383 3532 insederat,
415 3476 552 3537 nquam
573 3453 719 3515 diuersus
741 3450 889 3534 epatre!
919 3449 975 3511 ille
997 3448 1115 3512 Cilicas
1137 3447 1351 3520 extinexarat3

206 3713 218 3762 1
234 3707 357 3780 quamuis
371 3705 468 3759 deinde
480 3712 634 3775 praesentes
645 3704 689 3774 Ν1
703 3707 717 3756 2
732 3706 836 3756 starent
854 3701 893 3753 bN
904 3700 913 3770 11
926 3703 941 3752 3
954 3699 1087 3770 proelium
1106 3699 1217 3767 ambri:
1236 3698 1352 3769 primunr

201 3807 245 3850 ΝΝ
256 3794 267 3865 1
278 3798 294 3846 4
307 3800 339 3846 ut
351 3811 393 3845 om
403 3802 429 3844 N
439 3788 448 3860 11
462 3790 597 3860 utrimque
610 3808 645 3852 ς.·
658 3795 803 3855 utrumque
811 3785 875 3855 ΝΝ1
888 3791 920 3839 ut
931 3784 1070 3854 exitulel
1083 3788 1098 3836 5
1112 3783 1236 3836 docuerit
1246 3781 1355 3852 scripsi.-

204 3879 297 3934 docuit
307 3878 371 3956 112111
384 3877 463 3931 classi
474 3889 493 3930 Ν
506 3876 515 3947 11
529 3892 562 3928 en
573 3873 719 3928 Halmius:
739 3878 767 3924 et
782 3881 817 3935 Β,
835 3870 883 3923 sed
899 3870 943 3940 Ν1
956 3875 972 3923 6
984 3886 1080 3923 uerum
1098 3874 1141 3921 est
1157 3875 1185 3920 et
1196 3867 1270 3937 quod
1281 3879 1300 3919 Ν
1313 3867 1350 3936 17

200 3954 304 4019 Brutus
316 3963 409 4016 addidi
423 3963 508 4017 Pollio
520 3965 646 4014 auctore.-
662 3975 704 4010 om
716 3967 760 4009 ΒΝ
769 3956 779 4026 1
792 3954 899 4007 effrauit
909 3966 935 4008 Ν
944 3955 954 4024 1
967 3955 1015 4008 sed
1032 3961 1060 4007 et
1072 3954 1100 4007 in
1111 3965 1137 4006 Ν
1147 3953 1156 4023 11
1170 3955 1185 4005 8
1197 3969 1286 4005 errore
1298 3951 1338 4021 191
1384 3964 1389 3971 ·

204 4054 235 4103 12
248 4049 402 4103 enuntiaret
412 4049 457 4118 Ν1
472 4051 503 4102 13
514 4053 604 4100 ratum
615 4044 659 4114 Ν1
674 4046 706 4095 14
719 4040 806 4110 capud
817 4053 838 4093 B
850 4040 859 4110 11
875 4043 904 4092 15
918 4040 990 4093 enim
1002 4054 1190 4109 persuperesse
1201 4048 1226 4090 N
1236 4036 1246 4105 1
1259 4051 1354 4105 super·

202 4139 302 4187 essetis
315 4133 324 4203 11
340 4136 369 4184 17
382 4133 433 4186 hac
444 4145 463 4186 B
476 4133 485 4204 11
498 4149 528 4185 ac
540 4129 701 4185 fortissimos
712 4144 754 4178 om
766 4137 792 4178 Ν
801 4125 810 4195 11
825 4129 856 4177 18
868 4125 923 4178 nisi
942 4124 965 4177 si
983 4124 1035 4176 hoo
1052 4135 1078 4176 Ν
1087 4124 1097 4194 11
1112 4126 1143 4175 19
1162 4121 1289 4173 suasione·
1298 4119 1339 4188 Nu

201 4217 388 4288 persuassione
401 4217 488 4270 deluit
498 4215 542 4286 Ν1
555 4233 605 4268 nec
616 4227 635 4267 Ν
648 4215 657 4286 11
670 4212 803 4267 uielarent
813 4223 839 4262 Ν
849 4210 859 4280 11
873 4212 904 4262 20
924 4208 1054 4261 oblitione
1065 4207 1110 4278 Ν1
1123 4206 1349 4259 sanctissimarum

200 4301 491 4372 pietatissimarumque
507 4313 533 4353 Ν
550 4302 559 4371 11
579 4303 613 4353 23
631 4298 757 4370 pompeio
773 4297 864 4366 Ν1124
884 4295 913 4347 in
930 4311 972 4346 om
989 4293 1033 4362 Ν1
1047 4291 1184 4362 hisspania
1201 4302 1221 4341 Ν
1233 4290 1242 4359 1
1256 4291 1288 4340 25
1305 4285 1351 4338 oui

198 4387 243 4457 Ν1
258 4390 289 4438 27
303 4385 455 4438 extinxerat
466 4396 485 4436 Β
497 4385 506 4454 11
1320 4380 1324 4388 “
