3300 5084
443 323 465 354 ⁸
531 369 679 414 retroue
694 369 718 424 1,
736 361 780 412 36.
799 363 831 412 37
850 350 917 435 [111,
934 363 961 412 2.
981 352 1022 436 3].
1322 357 1358 417 61

205 539 341 598 errorem
359 516 586 580 'in-consilium
610 518 760 596 uerterit,
775 520 940 596 dubium,
972 531 1060 584 certe
1078 521 1267 585 necessitate
1289 534 1361 588 aeta

206 623 309 686 uirtus
326 620 479 685 uictoriae
494 643 591 685 eausa
605 623 678 685 fuit.
711 647 787 687 nam
808 626 977 709 flagitante
999 647 1116 710 aquam
1136 627 1296 704 exercitu,
1318 623 1360 692 ‘si

206 729 269 792 uiri
283 719 384 804 estis,'
406 724 513 809 inquit
532 721 608 804 ‘en,
626 729 693 791 illie
712 724 861 794 habetis?
883 732 994 815 itaque
1008 743 1098 795 tanto
1113 734 1222 795 ardore
1236 755 1359 816 pugna-

207 843 364 910 tumeat,
391 853 428 895 ea
446 834 560 896 caedes
590 833 733 897 hostium
760 837 823 900 fuit
857 823 894 900 ut
915 837 1019 901 uictor
1038 841 1205 901 Romanus
1227 850 1360 902 cruento

167 954 183 1003 5
203 941 337 1004 flumine
364 961 431 1001 non
452 940 532 1021 plus
560 960 660 1021 aquae
684 939 800 1004 biberit
827 965 923 1025 quam
949 943 1123 1026 sanguinis,
1139 945 1356 1008 barbarorum.

126 1127 127 1134 ἵ
206 1057 289 1109 certe
304 1067 359 1108 rex
374 1046 442 1128 ipse
458 1045 716 1124 Teutobocchus,
734 1037 904 1129 quaternos
920 1069 1076 1130 senosque
1087 1071 1184 1132 equos
1201 1050 1359 1114 transilire

206 1150 337 1227 solitus,
354 1151 412 1213 uix
427 1172 547 1226 unum,
565 1173 640 1213 cum
654 1151 797 1234 fugeret,
815 1152 976 1228 aseendit,
993 1153 1202 1237 proximoque
1222 1155 1258 1217 in
1272 1157 1358 1219 saltu
1431 1143 1436 1152 ’

204 1257 439 1340 conprehenpus
455 1254 581 1339 insigne
596 1259 816 1339 spectaculum
831 1257 988 1341 triumphi
1004 1259 1077 1322 fuit.
1092 1260 1210 1342 quippe
1225 1260 1277 1325 uir
1286 1283 1357 1343 pro-

205 1361 351 1437 ueritatis⁴
360 1362 495 1425 eximiae
511 1384 606 1446 super
619 1373 749 1445 tropaea
764 1385 823 1426 sua
838 1362 1009 1427 eminebat.

152 1481 185 1530 to
292 1467 435 1546 Sublatis
451 1468 597 1532 funditus
613 1469 768 1531 Teutonis
783 1468 818 1530 in
839 1469 984 1533 Cimbros
1005 1469 1213 1534 conuertitur.
1237 1472 1273 1534 hi
1292 1472 1358 1536 iam
1406 1454 1409 1461 ι

205 1613 246 1621 -
261 1574 332 1658 quis
345 1573 503 1636 erederet?
519 1609 560 1620 —
575 1593 632 1657 per
645 1573 804 1650 hiemem,
830 1595 911 1655 quoe
932 1574 1029 1637 altius
1043 1576 1142 1658 Alpes
1156 1577 1264 1653 leuat,
1287 1571 1356 1641 Tri·

204 1680 344 1743 dentinis
370 1679 455 1762 iugis
476 1679 512 1741 in
534 1679 666 1742 Italiam
687 1678 851 1763 prouoluti
874 1676 979 1741 ueluti
998 1680 1094 1742 ruina
1114 1681 1353 1746 descenderant.

202 1785 352 1849 Athesim
366 1786 489 1847 flumen
504 1805 570 1845 non
585 1793 682 1865 ponte
696 1805 755 1847 neo
770 1783 927 1859 nauibus,
951 1785 1007 1848 sed
1029 1785 1167 1866 quadam
1181 1786 1357 1850 stoliditate

200 1890 365 1957 barbarica
380 1889 521 1970 primum
535 1887 717 1969 corporibus
730 1887 884 1970 adgressi,
900 1898 1071 1971 postquam
1081 1888 1217 1953 retinere
1230 1912 1357 1954 amnem

151 2007 183 2056 15
204 1994 354 2057 manibus
371 2004 403 2057 et
418 1992 528 2075 clipeis
544 1993 661 2055 frustra
675 2001 933 2074 temptauerunt,
958 1994 1085 2078 ingesta
1106 1995 1357 2082 silua-obrutum

203 2099 408 2162 transfluere:
439 2099 467 2162 si
489 2098 598 2162 statim
620 2098 737 2161 infesto
759 2096 888 2180 agmine
903 2100 1016 2163 urbem
1029 2101 1206 2183 petissent,
1233 2104 1357 2184 grande

203 2204 391 2281 discrimen,
410 2204 516 2282 sedin
531 2203 680 2281 Venetia,
698 2226 761 2287 quo
776 2203 842 2266 fere
856 2214 963 2268 tractu
977 2206 1076 2270 Italia
1089 2206 1279 2270 mollissima
1293 2219 1353 2284 est,
1368 2277 1376 2294 ⁸

202 2310 271 2393 ipsa
286 2311 346 2375 soli
368 2309 512 2393 caelique
534 2309 703 2375 elementia
724 2312 822 2373 robur
844 2311 1000 2394 elanguit.
1034 2314 1074 2375 ad
1096 2313 1158 2375 hoe
1179 2314 1272 2395 panis
1293 2327 1362 2390 usu⁴
1390 2299 1396 2308 ¹

201 2417 368 2500 carnisque
383 2427 492 2480 coctae
508 2426 539 2478 et
555 2415 724 2478 dulcedine
739 2416 810 2478 uini
832 2417 997 2503 mitigatos
1018 2418 1141 2480 Marius
1163 2418 1355 2501 intempore

148 2533 182 2584 20
203 2523 370 2605 adgressus
386 2533 445 2584 est:
470 2543 587 2584 uenere
612 2520 661 2583 illi
688 2543 785 2603 quam
811 2531 843 2584 et
868 2521 905 2584 in
932 2522 1073 2595 barbaris
1093 2524 1198 2586 multa
1218 2523 1356 2606 uestigia

202 2627 287 2690 diem
300 2648 429 2710 pugnae
453 2649 473 2689 a
494 2636 603 2690 nostro
625 2615 815 2709 imperatore
836 2627 1017 2710 petienmt,
1046 2638 1078 2691 et
1103 2628 1149 2690 sie
1171 2629 1355 2712 prox-imum

201 2732 301 2796 dedit.
325 2732 361 2794 in
375 2730 618 2814 patentissimo,
644 2755 739 2815 quem
754 2733 922 2797 Raudium
936 2743 1072 2809 uocant,
1095 2755 1208 2816 campo
1223 2756 1353 2798 concur-

201 2859 279 2900 rere.
307 2837 383 2900 inde
404 2833 496 2898 milia
510 2837 677 2920 sexaginta
692 2837 834 2921 quinque
849 2838 1009 2915 cecidere,
1031 2839 1114 2901 bino
1130 2841 1280 2904 trecentis
1295 2841 1354 2904 mi·

201 2966 281 3019 nus,
307 2963 506 3027 peromnem
522 2940 606 3004 diem
621 2943 800 3006 conciditur
820 2944 986 3008 barbarus.
1011 2945 1084 3008 istic
1108 2968 1234 3029 quoque
1255 2946 1354 3029 impe·

98 3097 101 3108 ,
146 3061 180 3111 25
199 3030 285 3112 rator
314 3048 479 3111 addiderat
505 3047 620 3110 uirtuti
646 3049 776 3124 dolum,
812 3060 940 3133 secutus
966 3049 1162 3114 Annibalem
1192 3062 1355 3134 artemque

200 3156 404 3230 Cannarum
429 3153 570 3237 primum
584 3155 776 3217 nebulosum
791 3164 929 3217 nanctus
952 3155 1055 3232 diem,
1084 3167 1121 3218 ut
1143 3157 1229 3220 hosti
1250 3156 1353 3239 inopi·
1391 3193 1394 3196 ⁴

138 3329 139 3336 .
201 3271 297 3322 natus
314 3269 489 3322 occurreret
497 3293 509 3334 ,·
530 3269 601 3321 tum
616 3271 788 3322 uentosum
804 3281 954 3341 quoque,
971 3271 1008 3323 ut
1022 3262 1132 3345 puluis
1147 3262 1183 3325 in
1198 3264 1305 3325 oeulos
1321 3273 1354 3325 et

201 3386 255 3444 ora
268 3364 414 3439 ferretur,
433 3374 503 3426 tum
518 3363 585 3426 acie
601 3385 755 3428 conuersa
765 3364 800 3427 in'
812 3364 978 3440 orientem,
995 3376 1044 3443 ut,
1061 3368 1147 3449 quod
1162 3390 1203 3431 ex
1217 3367 1353 3451 captiuis

204 3673 214 3721 1
228 3685 317 3722 errore
328 3680 348 3720 Β
361 3667 369 3739 11
383 3670 398 3720 2
413 3683 493 3719 causa
504 3665 634 3719 uictoriae
645 3679 670 3719 N
681 3667 689 3737 11
709 3666 877 3736 flagitantem
896 3686 993 3739 aquam
1005 3671 1154 3723 exercitum
1165 3685 1185 3723 Β
1197 3673 1206 3744 11
1220 3674 1354 3726 exercitus

200 3758 252 3812 uiri
263 3770 289 3810 N
298 3757 307 3828 11
322 3762 336 3811 3
350 3756 439 3828 inquit
451 3755 515 3808 estis
527 3767 552 3807 N
562 3755 571 3825 11
585 3739 618 3810 eri
629 3769 649 3810 Β
662 3756 670 3827 11
684 3760 699 3808 4
712 3762 802 3809 estam
813 3768 838 3809 N
849 3757 858 3827 11
871 3757 1105 3827 eaquaecaedesN
1115 3759 1123 3828 11
1137 3759 1170 3812 de
1178 3767 1322 3814 cruentoN
1332 3762 1342 3832 11

201 3849 216 3896 5
230 3844 372 3897 ebiberitB
386 3842 394 3912 11
409 3845 424 3894 6
437 3847 513 3894 teuto
522 3848 667 3906 uocatusB,
682 3841 844 3895 teutobocus
855 3854 881 3895 Ν
891 3843 900 3914 11
914 3845 1140 3913 8conpraensusb
1153 3845 1163 3915 11
1177 3846 1308 3917 lohieru
1323 3849 1354 3898 12

200 3929 285 3982 ueluti
292 3929 392 3982 addidi:
400 3945 441 3980 om
448 3938 493 3980 ΒΝ
503 3925 512 3996 11
525 3925 654 3980 ruinamB
667 3927 676 3997 11
693 3927 1025 3980 13Athesimuatmasim:
1038 3928 1188 3993 adaesimB,
1198 3930 1354 3987 adhostesin

200 4025 224 4064 N
235 4015 244 4083 11
259 4017 289 4066 15
308 4014 436 4067 obrutum
455 4011 525 4064 silua
535 4023 562 4079 N
571 4011 580 4081 11
596 4015 625 4064 16
639 4019 667 4064 et
679 4012 702 4065 si
713 4024 737 4065 N
748 4011 757 4082 11
772 4015 803 4064 17
817 4012 960 4065 discrimen
973 4019 1044 4066 esset
1054 4018 1083 4065 Ν
1090 4013 1098 4083 11
1111 4031 1128 4065 s
1146 4032 1200 4084 quo
1211 4027 1231 4068 Β
1244 4016 1252 4085 11
1265 4015 1356 4068 italiae

201 4097 215 4148 b
229 4099 238 4168 11
252 4100 283 4150 21)
296 4105 338 4151 est
346 4129 376 4138 —
385 4097 503 4167 uestigia
515 4109 583 4150 omB
596 4097 605 4168 11
618 4115 698 4167 quam
710 4103 798 4150 metus
811 4098 840 4150 in
851 4098 972 4150 barbaris
983 4098 1060 4150 nulla
1070 4098 1187 4167 uestigia
1194 4099 1351 4152 Salmasius.

193 4183 313 4248 sortasse
322 4200 420 4236 uenere
433 4181 504 4245 ilico,
519 4200 580 4234 nam
593 4190 682 4236 metus
694 4183 722 4234 in
734 4179 855 4235 barbaris
867 4182 944 4235 nulla
956 4183 1073 4251 uestigia
1085 4183 1094 4253 11
1108 4185 1138 4234 21
1154 4189 1181 4235 et
1192 4183 1236 4235 hic
1248 4182 1354 4235 Partito-

199 4265 259 4316 at'us
271 4266 280 4336 11
294 4270 325 4319 22
337 4266 564 4336 inpatientissimo
575 4280 600 4321 N
610 4268 619 4338 11
632 4271 664 4320 23
680 4267 755 4320 milia
766 4267 830 4319 inde
838 4267 1040 4320 Lxceciderunt
1051 4279 1076 4319 N
1086 4267 1096 4336 11
1108 4267 1235 4320 trecentis
1249 4266 1353 4319 Salma-

198 4349 268 4400 sius:
288 4353 368 4404 tertio
380 4364 424 4404 ΒΝ
434 4352 443 4421 11
457 4355 488 4403 24
502 4368 580 4404 omne
592 4365 611 4405 Β
624 4352 633 4422 11
646 4353 692 4406 isti
702 4366 727 4405 N
738 4353 746 4423 11
760 4355 792 4404 25
806 4351 942 4404 addiderit
953 4364 973 4404 Β
985 4352 995 4422 11
1008 4355 1040 4404 26
1056 4360 1152 4404 nactus
1163 4363 1182 4403 Β
1195 4351 1204 4421 11
1218 4354 1250 4402 27
1262 4365 1353 4401 occur·

199 4440 241 4487 ret
251 4445 276 4485 N
287 4433 296 4503 11
308 4435 399 4504 puluis
411 4453 453 4487 om
465 4447 483 4486 Β
497 4435 505 4502 11
520 4435 604 4487 oculis
615 4448 634 4488 Β
647 4437 656 4505 11
670 4440 701 4489 28
715 4440 786 4492 acies
798 4448 825 4502 B,
840 4438 910 4490 aciet
921 4449 947 4489 N
956 4436 966 4506 11
