3300 5084
298 327 433 402 XXVIII
765 339 964 388 rmnrsrro.

241 489 243 498 ’
297 488 462 574 persequi3
487 489 522 553 id
536 509 646 554 unum
665 489 760 565 addo',
778 490 909 554 nullum
923 490 958 552 in
973 488 1061 554 Flori
1082 489 1246 552 codicibus
1264 490 1464 572 frequentius

220 591 224 598 “
299 615 368 657 esse
390 593 543 656 uitiorum
563 615 666 677 genus
693 596 790 676 quam
806 595 992 658 litterarum
1012 597 1186 662 eanmdcm
1205 596 1260 658 uel
1274 595 1359 658 inter
1373 617 1407 658 se
1422 597 1464 659 si-

231 753 236 764 ,
298 698 425 762 milium
451 710 508 768 aut
537 699 740 763 omissionem
770 711 828 764 aut
852 700 1105 784 geminationem
1133 701 1340 784 neglegentia
1368 701 1464 764 libra-

298 804 418 866 riorum
439 815 559 881 ortam‚
591 828 697 869 cume
718 807 827 870 codice
848 807 1000 870 continua
1023 807 1180 889 scripturo
1194 817 1323 870 exarato
1339 806 1395 868 alii
1410 808 1463 869 de-

298 910 521 973 scriberentur.
560 911 732 976 lectionem
757 912 819 974 hoc
844 914 941 974 modo
963 905 1173 995 deprauatam
1194 934 1271 974 mox
1293 933 1388 994 saepe
1408 933 1465 994 per
1507 987 1511 992 .

298 1015 579 1098 interpolationem
592 1017 725 1099 grauius
740 1017 839 1080 etiarn
853 1028 1035 1099 corruptam
1048 1018 1147 1080 fuisse
1161 1035 1227 1079 non
1237 1040 1318 1101 opus
1333 1028 1381 1080 est
1395 1040 1463 1080 mo·

298 1143 385 1184 nere.
411 1123 465 1184 scd
482 1122 543 1185 hac
558 1122 781 1186 obseruatione
796 1111 1007 1187 certissimam
1021 1111 1117 1206 longe
1131 1123 1344 1205 plurimorum
1358 1123 1415 1206 qui
1429 1123 1465 1184 in

299 1225 462 1288 codicibus
484 1227 624 1310 corrupti
645 1229 799 1311 legrmtur
819 1230 963 1292 locorum
982 1229 1045 1290 niti
1065 1228 1301 1293 restitutionem
1322 1250 1389 1292 non
1408 1251 1464 1297 nt-

299 1331 473 1394 cessarium
487 1333 616 1396 uidetur
630 1334 785 1416 exemplis
801 1337 1036 1412 demonstrare,
1060 1334 1178 1417 quippe
1197 1337 1283 1417 quod
1303 1345 1465 1398 attentum

298 1435 450 1500 lectorem
464 1437 597 1520 quaeuis
614 1461 679 1502 una
694 1440 758 1502 fere
773 1439 893 1523 pagina
908 1442 1031 1503 doceat.

384 1543 469 1606 Cum
499 1543 554 1625 qui
580 1555 654 1607 ante
681 1532 875 1608 Seebodium
890 1547 985 1609 Floro
1004 1545 1202 1608 restituendo
1228 1566 1357 1626 operam
1371 1547 1465 1607 dede·

298 1657 375 1710 runt
395 1656 425 1710 B
447 1648 498 1712 uti
517 1671 583 1712 non
603 1650 784 1733 potuerint,
812 1651 867 1714 hic
887 1663 996 1714 autern
1015 1650 1174 1725 noluerit,
1202 1650 1326 1712 nemini
1345 1650 1465 1713 mirum

300 1753 438 1830 accidet,
461 1754 488 1817 si
502 1754 598 1838 longe
613 1756 760 1838 plurimis
775 1757 874 1834 locis,
899 1757 1016 1840 quibus
1036 1755 1242 1819 restituendis
1257 1755 1382 1818 codices
1397 1777 1465 1817 non

299 1859 505 1936 suffecenmt,
522 1883 623 1924 nouas
640 1873 696 1926 aut
712 1885 731 1924 a
746 1885 796 1925 me
812 1874 868 1927 aut
883 1866 923 1926 ab
939 1863 1050 1927 amicis
1060 1862 1211 1925 inuentas
1226 1861 1464 1923 emendationes

298 1963 334 2025 in
349 1965 492 2028 ordinem
513 1969 684 2030 uerborum
704 1969 1026 2050 receptasinueniet.
1062 1991 1129 2031 non
1151 1967 1242 2050 quasi
1263 1967 1466 2050 egregiorum

298 2070 441 2135 uirorum
457 2072 634 2135 tentamina
650 2075 837 2156 spreuerim‚
855 2077 910 2138 sed
925 2097 1000 2137 cum
1015 2075 1060 2136 eis
1076 2096 1095 2135 a
1110 2073 1219 2137 codice
1233 2079 1271 2136 N
1282 2072 1352 2136 siue
1367 2071 1465 2135 etiam

299 2197 318 2236 a
333 2176 494 2242 codicibus
510 2178 739 2240 recentioribus
753 2179 1024 2261 proficiscendum
1050 2188 1153 2253 esset,
1177 2178 1238 2240 hac
1259 2177 1390 2258 quidem
1410 2176 1466 2238 uia

298 2303 368 2343 raro
384 2292 512 2346 tantum
526 2305 640 2346 uerum
654 2282 801 2346 inuenire
815 2294 1002 2367 potuerunt.
1028 2304 1065 2345 eo
1080 2282 1188 2344 minus
1202 2283 1318 2344 horum
1331 2281 1466 2344 uomina

298 2397 402 2450 tacere
418 2390 509 2451 decet
524 2389 581 2451 ubi
595 2410 706 2452 eorum
720 2387 849 2470 ingenio
871 2410 948 2451 uera
969 2388 1066 2450 lectio
1085 2387 1229 2449 debetur.
1269 2385 1367 2470 quare
1389 2408 1465 2449 cum

298 2492 411 2574 paucis
426 2493 617 2576 quibusdam
631 2495 709 2558 locis
723 2515 834 2556 meum
848 2503 905 2555 aut
912 2492 1088 2556 anticorum
1094 2491 1229 2555 nomina
1235 2492 1281 2555 cis
1290 2494 1464 2578 adscripse-

297 2597 359 2660 rim
379 2620 461 2680 quae
482 2593 538 2660 alii
561 2595 627 2658 iam
640 2607 726 2662 recte
741 2609 960 2674 correxerant,
984 2621 1038 2661 eos
1057 2620 1099 2660 ne
1114 2598 1167 2661 cui
1180 2598 1335 2661 iniuriam
1349 2598 1466 2660 faciam

297 2702 369 2776 hic,
392 2713 550 2784 quantum
564 2703 695 2786 quidem
717 2704 950 2780 animaduerti,
976 2725 1087 2766 omnes
1108 2705 1290 2767 recensebo.
1316 2703 1465 2786 igiturp

299 2811 351 2880 29,
373 2814 410 2867 14
428 2815 531 2870 tamen
548 2817 637 2872 tanto
657 2809 862 2880 scribendum
883 2832 952 2874 csse
974 2809 1060 2872 uidit
1081 2809 1254 2884 Dukerus,
1278 2831 1353 2871 cum
1375 2802 1465 2871 tanta

299 2916 407 2974 tamen*
416 2913 556 2977 habeant
571 2921 638 2977 BN
649 2951 689 2960 -
704 2936 782 2976 nam
802 2937 905 2978 errore
926 2915 1084 2978 contraria
1106 2914 1152 2977 ibi
1173 2917 1369 2977 adnotantur
1384 2935 1463 2994 -p

298 3023 351 3094 43,
380 3025 416 3080 10
443 3018 528 3081 Asia
554 3018 677 3081 addidit
702 3019 768 3083 iam
803 3021 997 3096 Seebodius3
1032 3026 1159 3102 plns
1183 3027 1287 3082 tamen
1313 3029 1345 3081 et
1369 3041 1392 3101 p
1409 3023 1461 3093 61,

302 3129 338 3185 12
355 3124 457 3188 ueluti
469 3123 628 3187 Heinsius
643 3123 831 3202 inuenerat,
854 3126 993 3210 denique
1007 3147 1029 3209 p
1046 3130 1098 3199 88,
1119 3130 1156 3186 18
1172 3123 1320 3186 incendia
1336 3122 1462 3185 Perizo-

266 3305 271 3324 '
297 3228 383 3292 nius.
407 3229 522 3312 quodsi
541 3229 611 3292 iure
633 3230 758 3295 mireris
779 3232 867 3296 uiros
888 3235 998 3296 doctos
1014 3229 1162 3315 quamuis
1182 3229 1290 3291 codice
1311 3229 1463 3290 Bamber-

296 3334 388 3417 gensi
403 3335 573 3399 destitutos
590 3346 698 3399 tamen
721 3347 768 3401 tot
789 3339 868 3402 locis
892 3340 933 3400 ad
956 3357 1070 3399 uerum
1090 3334 1294 3417 peruenisse,
1323 3332 1464 3418 accedit,⁴

298 3442 382 3522 quod
397 3442 438 3503 ad
452 3441 566 3504 merita
581 3464 691 3505 eorum
712 3454 798 3508 recte
820 3442 1019 3506 aestimanda
1040 3442 1127 3503 haud
1149 3439 1387 3521 neglegendum
1402 3447 1462 3513 est,

295 3569 362 3609 non
378 3547 514 3630 exiguus
536 3549 679 3611 locorum
700 3568 854 3612 numerus
882 3547 999 3631 quibus
1021 3546 1056 3608 id
1077 3548 1163 3629 quod
1177 3544 1362 3608 coniectura
1375 3545 1464 3606 adse-

296 3653 364 3716 cuti
379 3665 470 3716 erant
486 3654 603 3717 codicis
618 3663 648 3716 B
663 3653 848 3718 testimonio
860 3653 930 3718 iam
945 3654 1177 3736 conprobatum
1192 3662 1251 3713 est.
1283 3671 1362 3732 quos
1376 3649 1463 3712 locos

295 3758 349 3820 hic
370 3779 533 3820 recensere
554 3758 696 3840 placuit,
728 3781 795 3822 non
818 3781 881 3840 quo
902 3759 1023 3820 famam
1044 3755 1219 3819 illustrium
1241 3754 1386 3818 uirorum
1407 3775 1464 3817 au-

294 3885 400 3946 geam,
417 3863 510 3925 cuius
526 3863 695 3926 discrimen
710 3863 970 3947 non-insingulis
978 3859 1170 3925 coniecturis
1184 3871 1342 3936 uersatur,
1359 3862 1415 3923 sed
1426 3870 1464 3922 ut

295 3979 484 4050 argumento
499 3968 565 4032 sint
580 3979 691 4032 contra
705 3969 899 4053 ignauorum
912 3967 1172 4052 superstitionem
1184 3965 1240 4049 qui
1254 3967 1339 4030 nihil
1354 3977 1465 4030 contra

295 4074 418 4137 codices
445 4077 630 4139 audendum
653 4097 722 4140 esse
748 4076 890 4138 clamant
913 4084 945 4137 et
960 4096 1034 4136 cum
1060 4071 1300 4155 corruptissima
1320 4058 1465 4156 quaeque

294 4180 480 4264 intellegere
496 4180 557 4245 sibi
572 4181 756 4257 uideantur,
772 4180 897 4243 ratione
908 4190 1004 4262 atque
1019 4189 1087 4242 arte
1102 4201 1216 4242 uerum
1230 4178 1464 4241 inueniendum

294 4307 442 4349 essenon
457 4286 664 4370 intellegrmt.
695 4298 790 4370 atque
806 4284 991 4369 superstitio
1012 4285 1083 4368 ipsa
1104 4285 1170 4349 fore
1190 4296 1227 4348 ut
1242 4284 1393 4348 uincatur
1408 4282 1465 4367 qui

294 4393 435 4476 sperem?
459 4415 540 4476 quae
555 4392 800 4456 inbecillitatem
822 4391 923 4454 animi
937 4401 1034 4474 atque
1056 4391 1216 4454 inuidiam
1231 4391 1332 4455 socias
1346 4391 1465 4454 habere
1493 4423 1496 4428 ·
